=LDR  02686cam a22006737a 4500
=001  013525959
=003  Uk
=005  20230930110943.0
=008  060103s2005\\\\fr\a\\\\\b\\\i000\0\eng\d
=020  \\$a9264013822
=040  \\$aBID$cBID$dNTE$dBAKER$dUGX
=082  04$a362.1094897$bF511$221
=245  00$aFinland.
=260  \\$aParis :$bOrganisation for Economic Co-operation and Development,$cc2005.
=300  \\$a106 p. :$bill. ;$c27 cm.
=336  \\$atext$2rdacontent
=337  \\$aunmediated$2rdamedia
=338  \\$avolume$2rdacarrier
=490  1\$aOECD reviews of health systems
=500  \\$a"This report was prepared by Jeremy Hurst and Peter Scherer ... with the help of Maria Luisa Gil Lapetra ... and Victoria Braithwaite..." -- P.3.
=504  \\$aIncludes bibliographical references (p. 103-106).
=540  \\$aCurrent Copyright Fee: GBP7.80$c0$5Uk
=546  \\$aExecutive summary also in French.
=650  \0$aMedical care$zFinland.
=650  \0$aPublic health$zFinland.
=650  \4$aAtención médica$zFinlandia.
=650  \4$aHigiene pública$zFinalndia
=690  7\$aSocial Welfare$2blcoll
=700  1\$aHurst, Jeremy.
=700  1\$aScherer, Peter.
=710  2\$aOrganisation for Economic Co-operation and Development.
=830  \0$aOECD reviews of health systems.
=852  41$aBritish Library$bDSC
=856  1\$p00094177$h362.1 O433 Finl.$bBooks
=985  \\$aProvisional record - DSC
=ACF  \\$aPrevious Copyright Fee: GBP8.20$c0$e01-oct-2022$fGBP8.20$g0$hC$5Uk
=ACF  \\$aPrevious Copyright Fee: GBP8.80$c0$e01-jan-2023$fGBP8.80$g0$hC$5Uk
=ACF  \\$aPrevious Copyright Fee: GBP8.20$c0$e01-apr-2023$fGBP8.20$g0$hC$5Uk
=CAT  \\$a4861$b40$c20060807$lBLL01$h1515
=CAT  \\$a6632$b40$c20060810$lBLL01$h1212
=CAT  \\$aBATCH-UPD$b40$c20090307$lBLL01$h0029
=CAT  \\$aBATCH-CLAB$c20220908$lBLL01$h1328
=CAT  \\$aBATCH-SWP$c20220916$lBLL01$h2218
=CAT  \\$aIPL-CLA$c20220930$lBLL01$h1558
=CAT  \\$aBATCH-CLAB$c20221217$lBLL01$h1728
=CAT  \\$aIPL-CLA$c20221231$lBLL01$h2125
=CAT  \\$aBATCH-CLAB$c20230324$lBLL01$h1323
=CAT  \\$aIPL-CLA$c20230331$lBLL01$h1647
=CAT  \\$aBATCH-CLAB$c20230601$lBLL01$h1227
=CAT  \\$aIPL-CLA$c20230630$lBLL01$h1725
=CAT  \\$aBATCH-CLAB$c20230907$lBLL01$h1709
=CAT  \\$aW2308-1659$c20230923$lBLL01$h0925
=CAT  \\$aIPL-CLA$c20230930$lBLL01$h1109
=CFI  0\$aCurrent Copyright Fee: GBP7.80$c0$e01-oct-2023$fGBP7.80$g0$hC$5Uk
=CFI  2\$aPrevious Copyright Fee: GBP8.00$c0$e01-jul-2023$fGBP8.00$g0$hC$5Uk
=FIN  \\$aY$d20060810
=FMT  \\$a  BK
=LAS  \\$aIPL-CLA$b00$c20230930$lBLL01$h1109
=SID  \\$aZ39$bOCLC

