=LDR  01208 am a22003738a 4500
=001  013439852
=003  Uk
=005  20060329212432.2
=008  050613s2006\\\\nyu\\\\\\\\\\\000\0\eng\\
=010  \\$a2005051036  
=020  \\$a1400043514
=040  \\$aDLC$cDLC$dDLC
=042  \\$apcc
=050  00$aPS3573.R5327$bG63 2006
=082  00$a811/.54$222
=100  1\$aWright, Franz,$d1953-2015.
=245  10$aGod's silence /$cFranz Wright.
=250  \\$a1st ed.
=260  \\$aNew York :$bKnopf,$c2006.
=263  \\$a0603
=300  \\$ap. cm.
=336  \\$atext$2rdacontent
=337  \\$aunmediated$2rdamedia
=338  \\$avolume$2rdacarrier
=852  \\$aBritish Library$bDSC
=856  42$3Contributor biographical information$uhttp://www.loc.gov/catdir/enhancements/fy0625/2005051036-b.html$9Error:404
=856  42$3Publisher description$uhttp://www.loc.gov/catdir/enhancements/fy0625/2005051036-d.html$9Error:404
=CAT  \\$aBATCH-APP$b00$c20060330$lBLL01$h1321
=CAT  \\$c20060330$lBLL01$h1322
=CAT  \\$c20060330$lBLL01$h1327
=CAT  \\$aBATCH-URL$c20120224$lBLL01$h1423
=CAT  \\$aBATCH-UPD$b00$c20150521$lBLL01$h2054
=FMT  \\$a  BK
=LAS  \\$aBATCH-UPD$b00$c20150521$lBLL01$h2054

