=LDR  04427cas a2200889 a 4500
=001  012443631
=003  Uk
=005  20230223160633.0
=006  m\\\\\q\\d\f\\\\\\
=007  co\ag|||||||||
=008  031128c20039999ohuar\\\q\bc\f0\\\a0eng\c
=010  \\$a  2003231539
=016  7\$a2170911-7$2DE-600
=035  \\$a(OCoLC)53802451$z(OCoLC)223770019$z(OCoLC)1200580058
=040  \\$aUPM$beng$cUPM$dGPO$dNSD$dDLC$dOCLCQ$dOCLCO$dOCLCF$dOCLCQ$dAU@$dGBVCP$dGILDS$dOCLCO$dOCL$dOCLCQ$dOCLCO$dOCL$dOCLCA$dOCLCQ$dUk
=042  \\$aukblsr
=043  \\$an-us---
=050  14$aZ5863.P7$bU582$aTD171
=074  \\$a0431-I-09
=074  \\$a0431-I-09 (online)
=074  \\$a0431-R
=074  \\$a0431-J-21
=086  0\$aEP 1.21:P 96/5/
=086  0\$aEP 1.104:P 96/$zEP 1.21:P 96/5/CD
=086  0\$aEP 1.21/11:
=110  1\$aUnited States.$bEnvironmental Protection Agency.
=240  10$aEPA national publications catalog (CD-ROM)
=245  10$aEPA national publications catalog.
=246  3\$aEnvironmental Protection Agency national publications catalog
=246  1\$iTitle on container cover:$aNational publications catalog
=260  \\$aCincinnati, Ohio :$bU.S. Environmental Protection Agency, Office of Administration and Resources Management,$c2003-
=300  \\$aCD-ROMs ;$c4 3/4 in.
=310  \\$aAnnual
=336  \\$atext$btxt$2rdacontent
=337  \\$acomputer$bc$2rdamedia
=338  \\$acomputer disc$bcd$2rdacarrier
=362  0\$a2003-
=500  \\$aTitle from disc label.
=516  8\$aPDF format.
=530  \\$aAlso issued in print.
=530  \\$aAlso issued in a searchable database via Internet from the EPA web site, with title: United States. Environmental Protection Agency. National environmental publications Internet site (NEPIS). Address as of 11/28/03: http://www.epa.gov/epahome/pubsearch.html; current access is available via PURL.
=538  \\$aSystem requirements: Adobe Acrobat Reader 5.0; optional online conversion tools available to convert PDF document into HTML or ASCII text for visually disabled users whose screen reader software is not compatible with this version.
=610  10$aUnited States.$bEnvironmental Protection Agency$vCatalogs$vPeriodicals.
=610  17$aUnited States.$bEnvironmental Protection Agency.$2fast$0(OCoLC)fst00534882
=650  \0$aEnvironmental protection$xResearch$zUnited States$vBibliography$vCatalogs$vPeriodicals.
=650  \0$aEnvironmental protection$vBibliography$vCatalogs$vPeriodicals.
=650  \7$aEnvironmental protection.$2fast$0(OCoLC)fst00913324
=650  \7$aEnvironmental protection$xResearch.$2fast$0(OCoLC)fst00913394
=651  \7$aUnited States.$2fast$0(OCoLC)fst01204155
=655  \7$aBibliographies.$2fast$0(OCoLC)fst01919895
=655  \7$aCatalogs.$2fast$0(OCoLC)fst01423692
=655  \7$aPeriodicals.$2fast$0(OCoLC)fst01411641
=710  1\$aUnited States.$bEnvironmental Protection Agency.$bOffice of Administration and Resources Management.
=776  08$iPrint version:$aUnited States. Environmental Protection Agency.$tEPA national publications catalog$x1933-9925
=776  08$iAlso issued as an online database:$aUnited States. Environmental Protection Agency.$tNational Service Center for environmental publications.$dWashington, D.C.: United States Environmental Protection Agency
=776  08$iMicrofiche version:$aUnited States. Environmental Protection Agency.$tEPA national publications catalog
=852  41$aBritish Library$bHMNTS$3530/006 1997-
=856  41$3Searchable database$uhttps://purl.fdlp.gov/GPO/LPS586$70
=883  0\$aLanguage codes assigned by Bayesian analysis of words present in record$d20201028$qUk$c0.9010
=985  \\$aUpgraded by BSS-generated file for WR2011-1472
=985  \\$aUpdated by MS generated file for WR2302-017
=A02  \\$a1334162$z134162
=CAT  \\$aCONV$b00$c20040425$lBLL90$h0713
=CAT  \\$aCONV$b00$c20040502$lBLL01$h1509
=CAT  \\$aBATCH$b00$c20091210$lBLL01$h2334
=CAT  \\$aBATCH$b00$c20091214$lBLL01$h0846
=CAT  \\$aBATCH$b00$c20091216$lBLL01$h0220
=CAT  \\$aW2011-1472$b00$c20201127$lBLL01$h1804
=CAT  \\$a3072$b40$c20211214$lBLL01$h1630
=CAT  \\$aW2302-0174$c20230223$lBLL01$h1952
=FIN  \\$aY$d20211214
=FMT  \\$a  SE
=LAS  \\$aW2302-0174$b00$c20230223$lBLL01$h1952
=MIS  \\$ak-sep
=SID  \\$aZ39$bOCLC
=SRC  \\$aDSS02$bbibh.200404.2.aa
=TCO  \\$aZZZ$c008

