=LDR  01484cam a2200433 a 4500
=001  015324122
=003  Uk
=005  20090819093141.0
=008  090120s2008\\\\gw\\\\\\\b\\\\000\0\eng\d
=015  \\$a08,N51,1060$2dnb
=020  \\$a9783487139012 (pbk.)
=020  \\$a3487139014 (pbk.)
=035  \\$a(OCoLC)316286373
=040  \\$aDEBSZ$bger$cDEBSZ$dOHX$dUk$erakwb
=042  \\$aukblsr
=100  1\$aMeyer, Christina.
=245  10$aWar & trauma images in Vietnam War representations /$cChristina Meyer.
=260  \\$aHildesheim :$bOlms,$c2008.
=300  \\$a289 p. ;$c21 cm.
=336  \\$atext$2rdacontent
=337  \\$aunmediated$2rdamedia
=338  \\$avolume$2rdacarrier
=490  0\$aEcho ;$vBd. 11
=504  \\$aIncludes bibliographical references.
=650  \0$aVietnam War, 1961-1975$zUnited States$vFiction.
=650  \0$aVietnam War, 1961-1975$zVietnam$vFiction.
=650  \0$aPerception.
=852  41$aBritish Library$bHMNTS
=856  4\$3Inhaltstext$uhttp://deposit.d-nb.de/cgi-bin/dokserv?id=3183458&prov=M&dok%5Fvar=1&dok%5Fext=htm$qtext/html
=CAT  \\$a5918$b40$c20090710$lBLL01$h1435
=CAT  \\$a5883$b40$c20090819$lBLL01$h0931
=CAT  \\$aBATCH-UPD$b40$c20160605$lBLL01$h0431
=CAT  \\$aW1707-0052$c20170703$lBLL01$h1906
=CAT  \\$aBATCH-UPD$b00$c20211203$lBLL01$h2106
=CAT  \\$aW2308-1659$c20230923$lBLL01$h1044
=FIN  \\$aY$d20090819
=FMT  \\$a  BK
=LAS  \\$aW2308-1659$b00$c20230923$lBLL01$h1044
=SID  \\$aZ39$bOCLC

