=LDR  01912 am a2200517 a 4500
=001  015770471
=003  Uk
=005  20120508112252.0
=008  101110s2011\\\\enk\\\\\\b\\\\000\0\eng\d
=015  \\$a10,N39$2dnb
=020  \\$a9783825357986
=020  \\$a3825357988
=035  \\$a(OCoLC)700468585
=040  \\$aDEBSZ$beng$cDEBSZ$dDEBBG$dUk$erakwb
=042  \\$aukblsr
=082  \\$a141.3$qUK-WkNB
=084  \\$aCC 6320$2rvk
=084  \\$aHU 1075$2rvk
=100  1\$aCapelle, Birgit.
=245  10$aTime in American and East Asian thinking :$ba comparative study of temporality in American Transcendentalism, Pragmatism and (Zen) Buddhist Thought /$cBirgit Capelle.
=260  \\$aHeidelberg :$bUniversitätsverlag Winter,$cc2011.
=300  \\$axiv, 384 p. ;$c22 cm.
=336  \\$atext$2rdacontent
=337  \\$aunmediated$2rdamedia
=338  \\$avolume$2rdacarrier
=490  0\$aAmerican Studies ;$vv. 193
=504  \\$aIncludes bibliographical references.
=650  \0$aTime$xPhilosophy.
=650  \0$aTranscendentalism.
=650  \0$aPragmatism.
=650  \0$aZen Buddhism.
=852  41$aBritish Library$bHMNTS
=856  4\$3Inhaltstext$uhttp://deposit.d-nb.de/cgi-bin/dokserv?id=3541783&prov=M&dok%5Fvar=1&dok%5Fext=htm$mX:MVB$qtext/html
=856  42$3Inhaltstext$uhttp://deposit.d-nb.de/cgi-bin/dokserv?id=3541783&prov=M&dok_var=1&dok_ext=htm$mX:MVB$qtext/html
=985  \\$aCorrected by MS generated file for WR# 12.018
=CAT  \\$a8197$b40$c20110314$lBLL01$h1313
=CAT  \\$a11070$b40$c20110324$lBLL01$h1009
=CAT  \\$a11070$b40$c20110324$lBLL01$h1010
=CAT  \\$a7233$b40$c20120508$lBLL01$h1122
=CAT  \\$aBLSS-CORR$b00$c20120724$lBLL01$h1801
=CAT  \\$aBATCH-UPD$b00$c20160605$lBLL01$h0538
=CAT  \\$aW1707-0052$c20170703$lBLL01$h1913
=FIN  \\$aY$d20110324
=FMT  \\$a  BK
=LAS  \\$aW1707-0052$b00$c20170703$lBLL01$h1913
=SID  \\$aZ39$bOCLC

