=LDR  01576cam a2200457 a 4500
=001  014521780
=003  Uk
=005  20090716165231.0
=008  080421s2007\\\\gw\a\\\\\b\\\\000\0\ger\d
=015  \\$a07,N05,1432$2dnb
=020  \\$a9783896027689 (pbk.)
=020  \\$a3896027689 (pbk.)
=035  \\$a(OCoLC)180719837
=035  \\$a(OCoLC)225864619
=040  \\$aCUS$cCUS$dUk
=042  \\$aukblsr
=050  \4$aPN1992.77.E44$bH33 2007
=082  04$a791.4$222
=100  1\$aHabel, Frank-Burkhard,$d1953-
=245  10$aEkel Alfred "Ein Herz und eine Seele" :$bdas grosse Buch für Fans /$cF.-B. Habel.
=250  \\$aAktualisierte Neuausg.
=260  \\$aBerlin :$bSchwarzkopf & Schwarzkopf,$cc2007.
=300  \\$a211 p. :$bill. ;$c24 cm.
=336  \\$atext$2rdacontent
=337  \\$aunmediated$2rdamedia
=338  \\$avolume$2rdacarrier
=500  \\$aOriginally published: 1996.
=504  \\$aIncludes bibliographical references (p. 208-209).
=630  00$aHerz und eine Seele (Television program)
=852  41$aBritish Library$bHMNTS
=856  42$3Inhaltstext$uhttp://deposit.d-nb.de/cgi-bin/dokserv?id=2896839&prov=M&dok_var=1&dok_ext=htm$qtext/html
=CAT  \\$a8301$b40$c20080215$lBLL01$h0913
=CAT  \\$a6066$b40$c20090707$lBLL01$h1657
=CAT  \\$a6066$b40$c20090716$lBLL01$h1652
=CAT  \\$aBATCH-UPD$b40$c20160605$lBLL01$h0233
=CAT  \\$aW1707-0052$c20170703$lBLL01$h1858
=CAT  \\$aW2308-1659$c20230923$lBLL01$h1119
=FIN  \\$aY$d20090707
=FMT  \\$a  BK
=LAS  \\$aW2308-1659$b00$c20230923$lBLL01$h1119
=SID  \\$aZ39$bOCLC

