=LDR  01497cam a2200445 a 4500
=001  014603741
=003  Uk
=005  20090709105410.0
=008  071016s2007\\\\gw\\\\\\\\\\\\000\1\ger\d
=015  \\$a07,N45,1064$2dnb$a07,A49,1647$2dnb
=020  \\$a9783896267337 (pbk.)
=020  \\$a3896267337 (pbk.)
=035  \\$a(OCoLC)188102921
=040  \\$aGWDNB$bger$cGWDNB$dOHX$dUk$erakwb
=042  \\$aukblsr
=084  \\$a830$aB$2GyFmDB
=100  1\$aMorgenstern, Beate,$d1946-
=245  10$aLieber Liebe :$bRoman /$cBeate Morgenstern.
=250  \\$a1. Aufl.
=260  \\$aBerlin :$bTrafo,$c2007.
=300  \\$a335 p. ;$c19 cm.
=336  \\$atext$2rdacontent
=337  \\$aunmediated$2rdamedia
=338  \\$avolume$2rdacarrier
=650  07$aFrau$2swd
=650  07$aDreierbeziehung$2swd
=650  07$aPartnerwahl$2swd
=655  \7$aBelletristische Darstellung$2swd
=852  41$aBritish Library$bHMNTS
=856  42$3Inhaltstext$uhttp://deposit.d-nb.de/cgi-bin/dokserv?id=3014740&prov=M&dok_var=1&dok_ext=htm$qtext/html
=856  42$3Ausführliche Beschreibung$uhttp://www.trafoberlin.de/978-3-89626-733-7.htm$qtext/html
=CAT  \\$a10904$b40$c20080501$lBLL01$h0744
=CAT  \\$a11071$b40$c20090709$lBLL01$h1054
=CAT  \\$aBATCH-UPD$b40$c20160605$lBLL01$h0255
=CAT  \\$aW1707-0052$c20170703$lBLL01$h1859
=CAT  \\$aW2308-1659$c20230923$lBLL01$h1122
=FIN  \\$aY$d20090709
=FMT  \\$a  BK
=LAS  \\$aW2308-1659$b00$c20230923$lBLL01$h1122
=SID  \\$aZ39$bOCLC

