=LDR  01006nam a2200301 i 4500
=001  020968934
=003  Uk
=005  20230222144113.0
=008  230111s2023\\\\gw\\\\\\\\\\\\000\0\rus\d
=020  \\$a9783949577147
=020  \\$a3949577149
=040  \\$aUk$beng$cUk$erda
=042  \\$aukblsr
=100  1\$aGrinberg-Dubnov, Leʾah.
=245  10$aNa rodilʹnom kamne :$bizbrannoe = On the birthstone : selected stories /$cLea Grinberg-Dubnova.
=264  \1$aFrankfurt-na-Maĭne :$bLiteraturnyĭ evropeet︠s︡,$c[2023]
=300  \\$a558 pages ;$ccm
=336  \\$atext$2rdacontent
=337  \\$aunmediated$2rdamedia
=338  \\$avolume$2rdacarrier
=852  41$aBritish Library$bHMNTS
=856  42$3Inhaltsverzeichnis$uhttps://d-nb.info/1277553122/04$mB:DE-101$qapplication/pdf
=CAT  \\$a11853$b40$c20230222$lBLL01$h1428
=CAT  \\$a11853$b40$c20230222$lBLL01$h1440
=CAT  \\$a11853$b40$c20230222$lBLL01$h1441
=FMT  \\$a  BK
=LAS  \\$a11853$b40$c20230222$lBLL01$h1441
=SID  \\$aZ39$bOCLC

