=LDR  00932nam a2200289 i 4500
=001  020968938
=003  Uk
=005  20230222143916.0
=008  230104s2023\\\\gw\\\\\\\\\\\\000\1\rus\d
=020  \\$a9783949577123
=020  \\$a3949577122
=040  \\$aUk$beng$cUk$erda
=042  \\$aukblsr
=100  1\$aBatshev, Vladimir.
=245  10$aSerym po belomu :$bpervai︠a︡ kniga romana-trilogii /$cVladimir Batshev
=264  \1$aFrankfurt-na-Maĭne :$bLiteraturnyĭ evropeet︠s︡,$c[2023]
=300  \\$a416 pages ;$c21 cm
=336  \\$atext$2rdacontent
=337  \\$aunmediated$2rdamedia
=338  \\$avolume$2rdacarrier
=852  41$aBritish Library$bHMNTS
=856  42$3Inhaltsverzeichnis$uhttps://d-nb.info/1277180288/04$mB:DE-101$qapplication/pdf
=CAT  \\$a11853$b40$c20230222$lBLL01$h1432
=CAT  \\$a11853$b40$c20230222$lBLL01$h1439
=FMT  \\$a  BK
=LAS  \\$a11853$b40$c20230222$lBLL01$h1439
=SID  \\$aZ39$bOCLC

