=LDR  01401cam a22003857i 4500
=001  021009301
=003  Uk
=005  20230330130728.0
=008  220520s2022\\\\hu\\\\\\\\\\\\000\0\ger\d
=016  7\$a1257827618$2DE-101
=020  \\$a9786158197823
=020  \\$a6158197823
=035  \\$a(OCoLC)1319081970
=035  \\$a(DE-627)1804054208
=035  \\$a(DE-599)DNB1257827618
=040  \\$aGBVCP$bger$cGBVCP$erda
=084  \\$aGF 5058$2rvk$0(DE-625)rvk/39688:11810
=084  \\$a18.10$2bkl
=100  1\$aTrauner, Karl Josef$d1932-2015$eVerfasserIn.$0(DE-588)133104516$0(DE-627)534949223$0(DE-576)18931284X$4aut
=245  14$aDie Eigennamen bei Neidhart$cKarl J. Trauner.
=264  \1$aSzentendre$bTPM$c2022
=300  \\$a172 Seiten$bIllustrationen
=336  \\$aText$btxt$2rdacontent
=337  \\$aohne Hilfsmittel zu benutzen$bn$2rdamedia
=338  \\$aBand$bnc$2rdacarrier
=490  1\$aKulturgeschichtliche Betrachtungen : Mittelalter$v1
=500  \\$aLiteraturverzeichnis: Seite 168-172.
=830  \0$aKulturgeschichtliche Betrachtungen$v1.$w(DE-627)181551809X
=852  \\$aBritish Library$bHMNTS
=856  42$3Inhaltsverzeichnis$uhttps://d-nb.info/1257827618/04$mB:DE-101$qapplication/pdf$xVerlag
=CAT  \\$a16245$b40$c20230330$lBLL01$h1307
=CAT  \\$aW2308-1659$c20230923$lBLL01$h1142
=FMT  \\$a  BK
=LAS  \\$aW2308-1659$b00$c20230923$lBLL01$h1142
=SID  \\$aZ39$bOCLC

