=LDR  02914nam a2200601 i 4500
=001  021047527
=003  Uk
=005  20230509130514.0
=008  140219s2014\\\\gw\ah\\\\bc\\\000\0\eng\d
=015  \\$a14,N08$2dnb
=016  7\$a1047503891$2DE-101
=020  \\$a3515107118
=020  \\$a9783515107112
=024  3\$a9783515107112
=028  52$a400010711
=035  \\$a(OCoLC)931486724
=035  \\$a(DE-627)778788547
=035  \\$a(DE-599)DNB1047503891
=035  \\$a(DE-101)1047503891
=040  \\$aUk$beng$cUk$erda
=082  04$a400
=082  04$a400$qDNB
=084  \\$aAM 61600$2rvk
=084  \\$a06.17$2bkl
=084  \\$a18.72$2bkl
=245  04$aThe manuscripts of the Staatsbibliothek zu Berlin Preussischer Kulturbesitz$nPt. 4,$pHomiletic and liturgical manuscripts from the White Monastery :$bwith two documents from Thebes and two Old-Nubian manuscripts /$cdescribed by Paola Buzi. Edited by Alessandro Bausi.
=264  \1$aStuttgart :$bFranz Steiner Verlag,$c2014
=300  \\$a274 pages :$billustrations, facsimiles ;$c29 cm
=336  \\$atext$2rdacontent
=337  \\$aunmediated$2rdamedia
=338  \\$avolume$2rdacarrier
=338  \\$aBand$bnc$2rdacarrier
=490  1\$aVerzeichnis der orientalischen Handschriften in Deutschland / im Einvernehmen mit der Deutschen Morgenländischen Gesellschaft begründet von Wolfgang Voigt. Weitergeführt von Dieter George. Im Auftrage der Akademie der Wissenschaften in Göttingen herausgegeben von Hartmut-Ortwin Feistel$aBd. 21, Coptic manuscripts$v7
=610  20$aStaatsbibliothek zu Berlin--Preussischer Kulturbesitz.$bHandschriftenabteilung.$tKataloge der Handschriftenabteilung.
=650  \0$aManuscripts, Coptic$zGermany.
=650  \0$aManuscripts, Coptic$zGermany$vBibliography$vCatalogs.
=700  1\$aBuzi, Paola,$eauthor of catalogue.
=700  1\$aBausi, Alessandro$d1963-,$eeditor
=700  1\$aVoigt, Wolfgang$d1911-1982.
=700  1\$aGeorge, Dieter$d1935-1985,$eeditor of series
=700  1\$aFeistel, Hartmut-Ortwin$d1943-,$eeditor of series
=710  2\$aDeutsche Morgenländische Gesellschaft.
=710  2\$aAkademie der Wissenschaften in Göttingen.
=776  08$iErscheint auch als$tThe manuscripts of the Staatsbibliothek zu Berlin Preussischer Kulturbesitz$w(DE-627)1694587592$nOnline-Ausgabe$dStuttgart : Franz Steiner Verlag, 2014$h1 Online-Ressource (274 Seiten)
=830  \0$aVerzeichnis der orientalischen Handschriften in Deutschland$nBd. 21$pCoptic manuscripts ;$vBd. 21, 7.$w(DE-627)126282277
=852  \\$aBritish Library$bOC
=856  42$3Inhaltstext$uhttp://deposit.d-nb.de/cgi-bin/dokserv?id=4593654&prov=M&dok_var=1&dok_ext=htm$mX: MVB$qtext/html$v2014-02-19$xVerlag
=CAT  \\$a11837$b40$c20230509$lBLL01$h1231
=CAT  \\$a11837$b40$c20230509$lBLL01$h1305
=FIN  \\$aY$d20230509
=FMT  \\$a  BK
=LAS  \\$a11837$b40$c20230509$lBLL01$h1305
=SID  \\$aZ39$bOCLC

