=LDR  02508aam a2200577 a 4500
=001  013511754
=003  Uk
=005  20080110214452.0
=008  060615s2006\\\\nju\\\\\\b\\\\001\0\eng\\
=010  \\$a  2006015461
=015  \\$aGBA662312$2bnb
=016  7\$a013511754$2Uk
=020  \\$a9780470044704 (hbk.) :$c£50.00
=020  \\$a0470044705 (hbk.) :$c£50.00
=040  \\$aStDuBDS$beng$cStDuBDS$dUk
=042  \\$aukblsr
=082  00$a332.632283$222
=100  1\$aHooper, Joseph,$d1943-
=245  10$aCovered calls and LEAPS- a wealth option :$ba guide for generating extraordinary monthly income /$cJoseph R. Hooper.
=260  \\$aHoboken, N.J. :$bWiley ;$aChichester :$bJohn Wiley [distributor],$c2006.
=300  \\$ax, 229 p. +$e1 DVD.
=336  \\$atext$2rdacontent
=337  \\$aunmediated$2rdamedia
=338  \\$avolume$2rdacarrier
=500  \\$aFormerly CIP.$5Uk
=504  \\$aIncludes bibliographical references and index.
=505  0\$aAn introduction to options -- An introduction to covered calls -- Entering new covered call positions -- Management rules -- Defensive techniques -- An introduction to Calendar LEAPS spreads -- Entering new LEAPS positions -- Management rules -- Defensive techniques.
=650  \0$aOptions (Finance)
=650  \0$aStock options.
=690  7\$aManagement and Business Studies$2blcoll
=700  1\$aZalewski, Aaron,$d1980-
=852  41$aBritish Library$bHMNTS
=856  41$3Table of contents only$uhttp://www.loc.gov/catdir/enhancements/fy0741/2006015461-t.html$9Error:404
=856  41$3Table of contents$uhttp://www.loc.gov/catdir/toc/fy0714/2006015461.html
=856  42$3Contributor biographical information$uhttp://www.loc.gov/catdir/enhancements/fy0741/2006015461-b.html
=856  42$3Publisher description$uhttp://www.loc.gov/catdir/enhancements/fy0741/2006015461-d.html
=BUF  \\$aN$d20070226
=CAT  \\$aBATCH-CIP$b00$c20060718$lBLL01$h1701
=CAT  \\$aBATCH$b00$c20060718$lBLL01$h1703
=CAT  \\$aBATCH$b00$c20060718$lBLL01$h1726
=CAT  \\$a12493$b40$c20070226$lBLL01$h1459
=CAT  \\$a12493$b40$c20070312$lBLL01$h1118
=CAT  \\$a12493$b40$c20070319$lBLL01$h1553
=CAT  \\$a12493$b40$c20070320$lBLL01$h1155
=CAT  \\$aBATCH-BUOC$b00$c20080110$lBLL01$h2144
=CAT  \\$aBATCH-URL$c20120224$lBLL01$h1423
=CAT  \\$aWR16_021$c20160615$lBLL01$h1805
=CAT  \\$aBATCH-MBS$c20160624$lBLL01$h2103
=FIN  \\$aY$d20070226
=FMT  \\$a  BK
=LAS  \\$aBATCH-MBS$b00$c20160624$lBLL01$h2103

