=LDR  01693 am a22004338a 4500
=001  013633205
=003  Uk
=005  20061231013303.4
=008  060213s2006\\\\nyu\\\\\\\\\\\000\0deng\\
=010  \\$a2006004877  
=020  \\$a0765312700
=040  \\$aDLC$cDLC$dDLC
=043  \\$an-us---$an-usu--
=050  00$aE492.5$b.W35 2006
=082  00$a973.7/4$222
=100  1\$aWalsh, George,$d1931-
=245  10$aThose damn horse soldiers :$btrue tales of the Civil War cavalry /$cGeorge Walsh.
=250  \\$a1st hardcover ed.
=260  \\$aNew York :$bForge,$cc2006.
=263  \\$a0612
=300  \\$ap. cm.
=336  \\$atext$2rdacontent
=337  \\$aunmediated$2rdamedia
=338  \\$avolume$2rdacarrier
=500  \\$a"A Tom Doherty Associates Book."
=610  10$aUnited States.$bArmy.$bCavalry$xHistory$yCivil War, 1861-1865$vAnecdotes.
=610  10$aConfederate States of America.$bArmy.$bCavalry$xHistory$vAnecdotes.
=651  \0$aUnited States$xHistory$yCivil War, 1861-1865$xCavalry operations$vAnecdotes.
=852  \\$aBritish Library$bDSC
=856  41$3Sample text$uhttp://www.loc.gov/catdir/enhancements/fy0704/2006004877-s.html$9Error:404
=856  42$3Contributor biographical information$uhttp://www.loc.gov/catdir/enhancements/fy0659/2006004877-b.html
=856  42$3Publisher description$uhttp://www.loc.gov/catdir/enhancements/fy0659/2006004877-d.html
=CAT  \\$aBATCH-APP$b00$c20070102$lBLL01$h1143
=CAT  \\$aBATCH$b00$c20070102$lBLL01$h1143
=CAT  \\$aBATCH$b00$c20070102$lBLL01$h1144
=CAT  \\$aBATCH-UPD$b00$c20111202$lBLL01$h2126
=CAT  \\$aBATCH-URL$c20120224$lBLL01$h1423
=FMT  \\$a  BK
=LAS  \\$aBATCH-URL$b00$c20120224$lBLL01$h1423

