=LDR  02192cam a2200553ui 4500
=001  021126726
=003  Uk
=005  20230703154129.0
=008  100615s2010\\\\gw\a\\\\\\\\\\000\0\ger\d
=015  \\$a10,N25$2dnb
=016  7\$a1003505139$2DE-101
=020  \\$a9783879693610 (v. 1)
=020  \\$a9783879693627 (v. 2)
=020  \\$a9783879693832 (v. 3)
=029  1\$aDEBBG$bBV036568272
=035  \\$a(OCoLC)648770385
=040  \\$aGWDNB$bger$cGWDNB$dOCLCQ$dDEBBG$dOCLCQ$dOCLCO$erakwb
=041  1\$ager$apol$hund
=082  04$a307.09$222/ger
=084  \\$aa 4.2$2ifzs
=084  \\$aNR 7495$2rvk
=084  \\$aRI 60630$2rvk
=084  \\$a8,1$2ssgn
=245  00$aHistorisch-topographischer Atlas schlesischer Städte /$cim Auftr. des Herder-Insituts hrsg. von Peter Haslinger ...$nBd. 1.$pGörlitz.
=260  \\$aMarburg :$bHerder-Inst.
=300  \\$a47 Seiten :$bIllustrationen, Diagramme, Karten
=336  \\$aText$btxt$2rdacontent/ger
=337  \\$aohne Hilfsmittel zu benutzen$bn$2rdamedia/ger
=338  \\$aBand$bnc$2rdacarrier/ger
=500  \\$aLiteraturangaben.
=648  \4$aGeschichte.
=650  \7$aStadtentwicklung$2gnd
=651  \7$aGörlitz$2gnd
=655  \4$aAtlas.
=655  \7$aAtlas.$0(DE-588)4143303-8.$2gnd
=700  1\$aWaack, Christoph.$4aut
=852  \\$aBritish Library$bHMNTS
=856  41$3Inhaltsverzeichnis$uhttp://bvbr.bib-bvb.de:8991/F?func=service&doc_library=BVB01&doc_number=020489444&line_number=0001&func_code=DB_RECORDS&service_type=MEDIA
=856  41$3Inhaltsverzeichnis$uhttp://bvbr.bib-bvb.de:8991/F?func=service&doc_library=BVB01&local_base=BVB01&doc_number=020489444&line_number=0001&func_code=DB_RECORDS&service_type=MEDIA
=856  41$3Inhaltsverzeichnis$uhttp://d-nb.info/1003505139/04
=856  42$3Inhaltstext$uhttp://deposit.d-nb.de/cgi-bin/dokserv?id=3492227&prov=M&dok_var=1&dok_ext=htm$qtext/html
=948  \\$hNO HOLDINGS IN BLX - 7 OTHER HOLDINGS
=994  \\$aZ0$bBLX
=CAT  \\$a16091$b40$c20230703$lBLL01$h1535
=CAT  \\$a16091$b40$c20230703$lBLL01$h1541
=CAT  \\$aW2308-1659$c20230923$lBLL01$h1143
=FMT  \\$a  BK
=LAS  \\$aW2308-1659$b00$c20230923$lBLL01$h1143
=SID  \\$aZ39$bOCLC

