=LDR  01758 am a2200505 a 4500
=001  016017203
=003  Uk
=005  20120301110240.0
=008  111128s2011\\\\it\af\\\\b\\\\001\0bita\d
=010  \\$a  2011536207
=020  \\$a9788842097501 (pbk.)
=020  \\$a8842097500 (pbk.)
=035  \\$a(ItFiC)it11362405
=035  \\$a(OCoLC)ocn760053834
=040  \\$aC3L$beng$cC3L$dHTV$dFXM$dZCU$dDEBBG$dDLC$dUk
=042  \\$aukblsr
=043  \\$ae-it---
=050  00$aND623.T7$bB544 2011
=100  1\$aBiferali, Fabrizio,$d1972-
=245  10$aTiziano :$bil genio e il potere /$cFabrizio Biferali.
=250  \\$a1. ed.
=260  \\$aRoma :$bLaterza,$c2011.
=300  \\$axiv, 286 p., [32] p. of plates :$bcol. ill. ;$c21 cm.
=336  \\$atext$2rdacontent
=337  \\$aunmediated$2rdamedia
=338  \\$avolume$2rdacarrier
=490  1\$aI Robinson/ Letture
=504  \\$aIncludes bibliographical references and index.
=600  00$aTitian,$dapproximately 1488-1576.
=600  17$aVecellio, Tiziano.$2swd
=650  \0$aPainters$zItaly$vBiography.
=830  \0$aRobinson.$pLetture.
=852  41$aBritish Library$bHMNTS
=856  42$3TOC$uhttp://www.ilibri.casalini.it/toc/11362405.pdf
=856  \\$uhttp://bvbr.bib-bvb.de:8991/F?func=service&doc_library=BVB01&doc_number=024496560&line_number=0001&func_code=DB_RECORDS&service_type=MEDIA$zInhaltsverzeichnis
=985  \\$aRecord amended for WR# 13/070
=CAT  \\$a11375$b40$c20120126$lBLL01$h1537
=CAT  \\$a7483$b40$c20120301$lBLL01$h1102
=CAT  \\$aWR13_070$b00$c20130504$lBLL01$h0337
=CAT  \\$aBATCH-UPD$b00$c20191118$lBLL01$h2121
=FIN  \\$aY$d20120301
=FMT  \\$a  BK
=LAS  \\$aBATCH-UPD$b00$c20191118$lBLL01$h2121
=SID  \\$aZ39$bLOC
=SRC  \\$aBLL02

