=LDR  01733pam a2200529 a 4500
=001  012284854
=003  Uk
=005  20050413094309.0
=008  030822s2003\\\\maua\\\\\\\\\\000\0\eng\\
=010  \\$a2003018406
=015  \\$aGBA3V7345$2bnb
=016  7\$a012284854$2Uk
=019  y\$abA3V7345
=019  9\$a1592330274
=020  \\$a1592330274 (pbk.) :$c£7.99
=039  0\$a2752
=040  \\$aStDuBDS$beng$cUk$dUk
=042  \\$aukblsr
=050  00$aBM526$b.C64 2003
=082  00$a296.16$222
=100  1\$aCohen, Shoshanna.
=245  10$a10-minute Kabbalah :$bblessings, wisdom, and guidance from the Tree of Life /$cShoshanna Cohen.
=260  \\$aGloucester, Mass. :$bFair Winds ;$a[Hove :$bRotoVision],$c2003.
=300  \\$a238 p. :$bill. ;$c16 cm.
=336  \\$atext$2rdacontent
=337  \\$aunmediated$2rdamedia
=338  \\$avolume$2rdacarrier
=500  \\$aFormerly CIP.$5Uk
=505  0\$aEin Sof and the Tree of Life -- Language and names -- Letters and numbers -- The calendar.
=650  \0$aCabala$xHistory.
=650  \0$aSpiritual life$xJudaism.
=852  41$aBritish Library$bHMNTS
=856  41$3Table of contents$uhttp://www.loc.gov/catdir/toc/ecip048/2003018406.html
=CAT  \\$aCONV$b00$c20040425$lBLL90$h0540
=CAT  \\$aCONV$b00$c20040502$lBLL01$h1504
=CAT  \\$a5751$b40$c20050412$lBLL01$h1354
=CAT  \\$a5751$b40$c20050412$lBLL01$h1449
=CAT  \\$a5751$b40$c20050413$lBLL01$h0943
=CAT  \\$aWR16_021$c20160610$lBLL01$h1938
=FIN  \\$aY$d20050413
=FMT  \\$a  BK
=LAS  \\$aWR16_021$b00$c20160610$lBLL01$h1938
=LDO  \\$aCIP
=LEO  \\$aMP5.0000368667
=SID  \\$aZ39$bRLG
=SRC  \\$aLDS01$bbiblm.200404.2.aa
=SRC  \\$aBNB03$bbibmp5.200404.2.aa

