=LDR  01725 am a2200517 a 4500
=001  012873164
=003  Uk
=005  20060112172153.0
=008  040116s2004\\\\mau\\\\\\b\\\\001\0\eng\\
=010  \\$a  2004001163
=015  \\$aGBA4X7950$2bnb
=016  7\$a012873164$2Uk
=020  \\$a0321193660 (pbk.) :$c£26.99
=040  \\$aStDuBDS$beng$cStDuBDS$dUk
=042  \\$aukblsr
=050  00$aQA76.76.O63$bP335 2004
=082  00$a005.432$222
=100  1\$aPalmer, Brandon.
=245  10$aSecure architectures with OpenBSD /$cBrandon Palmer, Jose Nazario.
=260  \\$aBoston, Mass. ;$aLondon :$bAddison-Wesley,$c2004.
=300  \\$axix, 519 p. ;$c24 cm.
=336  \\$atext$2rdacontent
=337  \\$aunmediated$2rdamedia
=338  \\$avolume$2rdacarrier
=500  \\$aFormerly CIP.$5Uk
=504  \\$aIncludes bibliographical references (p. 481-485) and index.
=630  00$aOpenBSD (Electronic resource)
=650  \0$aOperating systems (Computers)
=650  \0$aComputer security.
=650  \0$aComputer architecture.
=700  1\$aNazario, Jose.
=852  11$aBritish Library$bSTI$k(B)$h005.432
=852  \\$aBritish Library$bHMNTS
=856  41$3Table of contents$uhttp://www.loc.gov/catdir/toc/ecip0413/2004001163.html
=BUF  \\$aN$d20051117
=CAT  \\$aBATCH$b00$c20040530$lBLL01$h1119
=CAT  \\$c20040530$lBLL01$h1129
=CAT  \\$aCIPCORR$c20040613$lBLL01$h1856
=CAT  \\$a12323$b40$c20051117$lBLL01$h1416
=CAT  \\$a12323$b40$c20051117$lBLL01$h1417
=CAT  \\$aBATCH-BUOC$b00$c20060112$lBLL01$h1721
=CAT  \\$c20060124$lBLL01$h1654
=CAT  \\$aWR16_021$c20160610$lBLL01$h1939
=FIN  \\$aY$d20051117
=FMT  \\$a  BK
=LAS  \\$aWR16_021$b00$c20160610$lBLL01$h1939

