=LDR  04012pam a2200577 a 4500
=001  012873678
=003  Uk
=005  20050214120705.0
=008  040604s2004\\\\iaua\\\\\bd\\\001\0\eng\\
=010  \\$a2004013346  
=015  \\$aGBA4X7417$2bnb
=016  7\$a012873678$2Uk
=020  \\$a0813810027 (alk. paper) :$cNo price
=035  \\$a(DNLM)101219545
=040  \\$aStDuBDS$dUk
=042  \\$aukblsr
=050  00$aRM217$b.L34 2004
=060  10$aQU 13$bL181n 2004
=082  00$a613.203$222
=100  10$aLagua, Rosalinda T.,$d1937-
=245  10$aNutrition and diet therapy reference dictionary /$cRosalinda T. Lagua, Virginia S. Claudio.
=250  \\$a5th ed.
=260  \\$aAmes, Iowa ;$aOxford :$bBlackwell Pub.,$cc2004.
=300  \\$aix, 407 p. :$bill. ;$c26 cm.
=336  \\$atext$2rdacontent
=337  \\$aunmediated$2rdamedia
=338  \\$avolume$2rdacarrier
=500  \\$aFormerly CIP.$5Uk
=504  \\$aIncludes bibliographical references and index.
=505  0\$aDietary reference intakes -- Tolerable upper-intake levels -- Recommended dietary standards for young adults in selected countries and FAO/WHO -- Food guide pyramid -- Food guides of selected countries -- Food labeling and nutrition -- Daily values for food labels -- Dietary guidelines for Americans -- National nutrition objectives for 2010 -- Gastrointestinal functions and absorption -- Interrelationships of carbohydrate, protein, and fat -- Roles of vitamins in metabolism -- Roles of minerals in metabolism -- Summary of selected hormones -- Weights of children from 3 months to 19 years -- Weights of adult men and women aged 20 and over -- Body mass index (adults) -- Estimation of frame size and stature -- Triceps skinfold thickness -- Mid-upper arm muscle circumference -- Estimation of energy, protein, and fluid requirements -- Interpretations and equations for assessing nutritional status -- Physical assessment of nutritional status -- Biochemical assessment of nutritional status -- Reference values for serum lipids.
=505  0\$aReference blood values for nutritional assessment -- Normal reference values for urine -- Sugar content of selected foods -- Glycemic index and glycemic load of selected foods -- Dietary fiber content of selected foods -- Alcohol content of selected beverages -- Cholesterol content of selected foods -- Total fat and fatty acids content of selected foods -- Caffeine content of selected foods -- Sodium content of selected foods -- Nutritive and nonnutritive sweeteners -- Fat replacers (substitutes) -- Phytochemicals in foods -- Dietary supplements -- Composition of milk and selected formulas for infant feeding -- Selected nutritional products for children -- Proprietary formulas for enteral nutrition -- Composition of oral and intravenous electrolyte solutions -- Amino acid solutions for parenteral nutrition -- Nutrition therapy in inborn errors of metabolism -- Drug interactions with foods and nutrients -- Common foodborne pathogens -- Common prefixes, suffixes, and symbols -- Common abbreviations in nutrition and the medical records -- Sources of nutrition information.
=650  \0$aDiet therapy$vDictionaries.
=650  \0$aNutrition$vDictionaries.
=650  12$aNutrition$vDictionary$xEnglish.
=650  22$aDiet Therapy$vDictionary$xEnglish.
=700  1\$aClaudio, Virginia Serraon,$d1932-
=852  \\$aBritish Library$bSTI
=852  11$aBritish Library$bSTI$k(B)$h613.203
=856  41$3Table of contents$uhttp://www.loc.gov/catdir/toc/ecip0418/2004013346.html
=CAT  \\$aBATCH$b00$c20040530$lBLL01$h1120
=CAT  \\$c20040530$lBLL01$h1121
=CAT  \\$c20040530$lBLL01$h1130
=CAT  \\$aCIPCORR$c20040613$lBLL01$h1856
=CAT  \\$a9523$b40$c20050214$lBLL01$h1207
=CAT  \\$a11251$b40$c20070709$lBLL01$h1114
=CAT  \\$aWR16_021$c20160610$lBLL01$h1939
=CAT  \\$aBATCH-UPD$b00$c20160610$lBLL01$h1956
=FIN  \\$aY$d20050214
=FMT  \\$a  BK
=LAS  \\$aBATCH-UPD$b00$c20160610$lBLL01$h1956
=SRC  \\$aBLL02

