=LDR  01949aam a2200541 a 4500
=001  012874560
=003  Uk
=005  20070322213620.0
=008  040412s2004\\\\nyua\\\\\\\\\\001\0\eng\\
=010  \\$a  2004049059
=015  \\$aGBA4X6530$2bnb
=016  7\$a012874560$2Uk
=020  \\$a0071438408 (pbk.) :$c£60.00
=040  \\$aStDuBDS$beng$cStDuBDS$dUk
=042  \\$aukblsr
=050  00$aTP155.7$b.I33 2004
=082  00$a660.28$222
=100  1\$aIgbinoghene, David Carr.
=245  10$aChemical process calculations manual /$cDavid Carr Igbinoghene.
=260  \\$aNew York :$bMcGraw-Hill ;$aLondon :$bMcGraw-Hill,$c2004.
=300  \\$aix, 325 p. :$bill. ;$c23 cm.
=336  \\$atext$2rdacontent
=337  \\$aunmediated$2rdamedia
=338  \\$avolume$2rdacarrier
=490  1\$aMcGraw-Hill calculations
=500  \\$aFormerly CIP.$5Uk
=500  \\$aIncludes index.
=650  \0$aChemical processes$xMathematics.
=650  \0$aChemical processes$xMathematical models.
=830  \0$aMcGraw-Hill calculations.
=852  11$aBritish Library$bSTI$k(B)$h660.0151
=852  \\$aBritish Library$bHMNTS
=856  42$3Contributor biographical information$uhttp://www.loc.gov/catdir/bios/mh042/2004049059.html
=856  41$3Table of contents$uhttp://www.loc.gov/catdir/toc/mh041/2004049059.html
=856  42$3Publisher description$uhttp://www.loc.gov/catdir/enhancements/fy0704/2004049059-d.html
=BUF  \\$aN$d20070316
=CAT  \\$aBATCH$b00$c20040530$lBLL01$h1134
=CAT  \\$c20040530$lBLL01$h1136
=CAT  \\$c20040530$lBLL01$h1142
=CAT  \\$aCIPCORR$c20040613$lBLL01$h1856
=CAT  \\$a11168$b40$c20070316$lBLL01$h1035
=CAT  \\$aBATCH-BUOC$b00$c20070322$lBLL01$h2136
=CAT  \\$aBATCH$b00$c20091217$lBLL01$h0317
=CAT  \\$aWR16_021$c20160610$lBLL01$h1939
=CAT  \\$aBATCH-UPD$b00$c20160610$lBLL01$h1959
=FIN  \\$aY$d20070316
=FMT  \\$a  BK
=LAS  \\$aBATCH-UPD$b00$c20160610$lBLL01$h1959

