=LDR  02098cam a2200589 a 4500
=001  012876711
=003  Uk
=005  20230906100300.0
=008  060406s2007\\\\nyua\\\\\b\\\\001\0\eng\\
=010  \\$a  2006044567
=015  \\$aGBA4X4361$2bnb
=016  7\$a012876711$2Uk
=020  \\$a9780750308731 (cased) :$c£85.00
=020  \\$a0750308737 (cased) :$c£85.00
=040  \\$aStDuBDS$beng$cStDuBDS$dUk
=042  \\$aukblsr
=050  00$aTA1675$b.L392 2007
=082  00$a621.366$222
=245  00$aLasers in the preservation of cultural heritage :$bprinciples and applications /$cC. Fotakis ... [et al.].
=260  \\$aLondon :$bTaylor & Francis,$c2007.
=300  \\$a336 p. :$bill. (some col.) ;$c25 cm.
=336  \\$atext$2rdacontent
=337  \\$aunmediated$2rdamedia
=338  \\$avolume$2rdacarrier
=490  1\$aSeries in optics and optoelectronics ;$vv. 2
=500  \\$aFormerly CIP.$5Uk
=504  \\$aIncludes bibliographical references and index.
=650  \0$aLasers.
=650  \0$aCultural property$xProtection.
=700  1\$aFotakis, C.$q(Costas).
=830  \0$aSeries in optics and optoelectronics ;$vv. 2.
=852  11$aBritish Library$bSTI$k(B)$h621.366
=852  \\$aBritish Library$bHMNTS
=856  42$3Publisher description$uhttp://www.loc.gov/catdir/enhancements/fy0661/2006044567-d.html
=BUF  \\$aN$d20061120
=CAT  \\$aBATCH$b00$c20040530$lBLL01$h1348
=CAT  \\$c20040530$lBLL01$h1350
=CAT  \\$c20040530$lBLL01$h1356
=CAT  \\$aCIPCORR$c20040613$lBLL01$h1857
=CAT  \\$aUE-01$b00$c20051205$lBLL01$h1228
=CAT  \\$c20060201$lBLL01$h1116
=CAT  \\$c20060201$lBLL01$h1129
=CAT  \\$a6923$b40$c20061120$lBLL01$h0925
=CAT  \\$aBATCH-BUOC$b00$c20061228$lBLL01$h2133
=CAT  \\$aBATCH-LDL$b00$c20070227$lBLL01$h0040
=CAT  \\$aBATCH$b00$c20091217$lBLL01$h0318
=CAT  \\$aWR16_021$c20160610$lBLL01$h1940
=CAT  \\$aBATCH-UPD$b00$c20160610$lBLL01$h2009
=CAT  \\$aBATCH-UPD$b00$c20230906$lBLL01$h1003
=FIN  \\$aY$d20061120
=FMT  \\$a  BK
=LAS  \\$aBATCH-UPD$b00$c20230906$lBLL01$h1003

