=LDR  02159pam a2200601 a 4500
=001  012877547
=003  Uk
=005  20060321142246.0
=008  040113s2005\\\\ctu\\\\\\b\\\\001\0\eng\\
=010  \\$a2004040723
=015  \\$aGBA4X3517$2bnb
=016  7\$a012877547$2Uk
=020  \\$a0300098626 (cased):$c£40.00
=020  \\$a0300098642 (set of sound discs) :$c£31.92
=040  \\$aStDuBDS$dUk
=041  0\$aeng$aheb
=042  \\$aukblsr
=050  00$aPJ4567.3$b.K5 2005
=082  00$a492.482421$222
=100  1\$aKittel, Bonnie Pedrotti.
=245  10$aBiblical Hebrew :$btext and workbook /$cBonnie Pedrotti Kittel, Victoria Hoffer, and Rebecca Abts Wright.
=250  \\$a2nd ed. /$bfully revised by Victoria Hoffer.
=260  \\$aNew Haven, Conn. ;$aLondon :$bYale University Press,$c2005.
=300  \\$axxviii, 492 p. ;$c29 cm.
=336  \\$atext$2rdacontent
=337  \\$aunmediated$2rdamedia
=338  \\$avolume$2rdacarrier
=490  1\$aYale language series
=500  \\$aFormerly CIP.$5Uk
=504  \\$aIncludes bibliographical references and index.
=546  \\$aEnglish and Hebrew.
=650  \0$aHebrew language$xGrammar$vTextbooks.
=650  \0$aHebrew language$vReaders$xBible.
=700  1\$aHoffer, Vicki,$d1943-
=700  1\$aWright, Rebecca Abts,$d1948-
=830  \0$aYale language series.
=852  41$aBritish Library$bHMNTS
=852  41$aBritish Library$bHMNTS
=856  42$3Publisher description$uhttp://www.loc.gov/catdir/description/yale051/2004040723.html
=856  42$3Contributor biographical information$uhttp://www.loc.gov/catdir/enhancements/fy0617/2004040723-b.html
=CAT  \\$aBATCH$b00$c20040530$lBLL01$h1403
=CAT  \\$c20040530$lBLL01$h1405
=CAT  \\$c20040530$lBLL01$h1411
=CAT  \\$aCIPCORR$c20040613$lBLL01$h1858
=CAT  \\$a6524$b40$c20050303$lBLL01$h1419
=CAT  \\$a6605$b40$c20060321$lBLL01$h1422
=CAT  \\$aBATCH$b00$c20091217$lBLL01$h0318
=CAT  \\$aBATCH-UPD$b00$c20150404$lBLL01$h1706
=CAT  \\$aWR16_021$c20160610$lBLL01$h1941
=FIN  \\$aY$d20060321
=FMT  \\$a  BK
=LAS  \\$aWR16_021$b00$c20160610$lBLL01$h1941
=SID  \\$aZ39$bLOC

