=LDR  01668 am a2200481 a 4500
=001  012878601
=003  Uk
=005  20060804111736.0
=008  040406s2004\\\\nyu\\\\\\r\\\\001\0\eng\\
=010  \\$a2004008085
=015  \\$aGBA4X2459$2bnb
=016  7\$a012878601$2Uk
=020  \\$a0071421033 (pbk.) :$c£8.99
=040  \\$aStDuBDS$dUk
=042  \\$aukblsr
=043  \\$an-us---
=050  00$aSF427.15$b.A73 2004
=082  00$a636.7002973$222
=100  1\$aArden, Darlene.
=245  10$aUnbelievably good deals and great adventures that you absolutely can't get unless you're a dog /$cDarlene Arden.
=260  \\$aNew York, N.Y. ;$aLondon :$bMcGraw-Hill,$cc2004.
=300  \\$ax, 214 p. ;$c23 cm.
=336  \\$atext$2rdacontent
=337  \\$aunmediated$2rdamedia
=338  \\$avolume$2rdacarrier
=500  \\$aFormerly CIP.$5Uk
=650  \0$aDogs$xEquipment and supplies.
=650  \0$aDog industry$zUnited States$vDirectories.
=852  41$aBritish Library$bHMNTS
=856  42$3Publisher description$uhttp://www.loc.gov/catdir/description/mh051/2004008085.html
=856  42$3Contributor biographical information$uhttp://www.loc.gov/catdir/bios/mh042/2004008085.html
=CAT  \\$aBATCH$b00$c20040530$lBLL01$h1417
=CAT  \\$c20040530$lBLL01$h1418
=CAT  \\$c20040530$lBLL01$h1431
=CAT  \\$aCIPCORR$c20040613$lBLL01$h1857
=CAT  \\$a8202$b40$c20060804$lBLL01$h1117
=CAT  \\$aWR16_021$c20160610$lBLL01$h1941
=CAT  \\$aBATCH-UPD$b00$c20160610$lBLL01$h2016
=CAT  \\$aBATCH-UPD$b00$c20181224$lBLL01$h2025
=FIN  \\$aY$d20060804
=FMT  \\$a  BK
=LAS  \\$aBATCH-UPD$b00$c20181224$lBLL01$h2025
=SRC  \\$aBLL02

