=LDR  01763pam a2200529 a 4500
=001  012880259
=003  Uk
=005  20050615155043.0
=008  040818s2004\\\\ne\a\\\\\\\\\\001\0\eng\\
=010  \\$a2004557480  
=015  \\$aGBA4X0756$2bnb
=016  7\$a012880259$2Uk
=020  \\$a0750677988 :$c£44.99
=040  \\$aStDuBDS$dUk
=042  \\$aukblsr
=050  00$aTS192$b.M6245 2004
=082  00$a658.27$222
=100  1\$aMobley, R. Keith,$d1943-
=245  10$aMaintenance fundamentals /$cR. Keith Mobley.
=250  \\$a2nd ed.
=260  \\$aAmsterdam ;$aLondon :$bElsevier/Butterworth Heinemann,$cc2004.
=300  \\$av, 418 p. :$bill. ;$c24 cm.
=336  \\$atext$2rdacontent
=337  \\$aunmediated$2rdamedia
=338  \\$avolume$2rdacarrier
=490  0\$aPlant engineering maintenance series
=500  \\$aIncludes index.
=500  \\$aFormerly CIP.$5Uk
=650  \0$aPlant maintenance.
=690  7\$aManagement and Business Studies$2blcoll
=852  11$aBritish Library$bSTI$k(B)$h658.27
=852  \\$aBritish Library$bHMNTS
=856  41$3Table of contents$uhttp://www.loc.gov/catdir/toc/els051/2004557480.html
=856  42$3Publisher description$uhttp://www.loc.gov/catdir/description/els051/2004557480.html
=CAT  \\$aBATCH$b00$c20040530$lBLL01$h1417
=CAT  \\$c20040530$lBLL01$h1420
=CAT  \\$c20040530$lBLL01$h1432
=CAT  \\$aCIPCORR$c20040613$lBLL01$h1858
=CAT  \\$a8479$b40$c20050614$lBLL01$h1103
=CAT  \\$a8479$b40$c20050614$lBLL01$h1104
=CAT  \\$a7732$b40$c20050615$lBLL01$h1550
=CAT  \\$aBATCH$b00$c20090611$lBLL01$h1709
=CAT  \\$aWR16_021$c20160610$lBLL01$h1942
=FIN  \\$aY$d20050615
=FMT  \\$a  BK
=LAS  \\$aWR16_021$b00$c20160610$lBLL01$h1942
=SRC  \\$aBLL02

