=LDR  01995pam a2200577 a 4500
=001  012880955
=003  Uk
=005  20060112172201.0
=008  041019s2005\\\\nyua\\\\\\\\\\001\0\eng\\
=010  \\$a  2004024765
=015  \\$aGBA4X0060$2bnb
=016  7\$a012880955$2Uk
=020  \\$a1401848184 (pbk.) :$c£22.99
=040  \\$aStDuBDS
=042  \\$aukblsr
=050  00$aTR897.7$b.B4435 2004
=082  00$a006.696$222
=100  1\$aBeckmann, Patricia.
=245  10$aExploring 3D animation with Maya 6 /$cPatricia Beckmann, Phil Young.
=246  30$a3D animation with Maya 6
=250  \\$a1st ed.
=260  \\$aClifton Park, N.Y. :$bDelmar Learning ;$aLondon :$bThomson Learning,$c2005.
=300  \\$axx, 281 p. :$bill. (some col.) ;$c23 cm.$e+ 1 CD-ROM (4 3/4 in.)
=336  \\$atext$2rdacontent
=337  \\$aunmediated$2rdamedia
=338  \\$avolume$2rdacarrier
=490  1\$aDesign exploration series
=500  \\$aFormerly CIP.$5Uk
=630  00$aMaya (Computer file)
=650  \0$aComputer animation.
=650  \0$aThree-dimensional display systems.
=700  1\$aYoung, Phil,$d1947-
=830  \0$aDesign exploration series.
=852  11$aBritish Library$bSTI$k(B)$h006.696$3Accompanying CD-ROM at (TB) 006.696
=852  11$aBritish Library$bSTI$k(TB)$h006.696
=852  \\$aBritish Library$bHMNTS
=856  41$3Table of contents$uhttp://www.loc.gov/catdir/toc/ecip052/2004024765.html
=BUF  \\$aN$d20060112
=CAT  \\$aBATCH$b00$c20040530$lBLL01$h1453
=CAT  \\$c20040530$lBLL01$h1455
=CAT  \\$c20040530$lBLL01$h1508
=CAT  \\$aCIPCORR$c20040613$lBLL01$h1858
=CAT  \\$a6923$b40$c20051003$lBLL01$h1320
=CAT  \\$aBATCH-BUOC$b00$c20060112$lBLL01$h1722
=CAT  \\$c20060124$lBLL01$h1655
=CAT  \\$aBATCH$b00$c20091217$lBLL01$h0318
=CAT  \\$aWR16_021$c20160610$lBLL01$h1942
=CAT  \\$aBATCH-UPD$b00$c20160610$lBLL01$h2024
=FIN  \\$aY$d20060112
=FMT  \\$a  BK
=LAS  \\$aBATCH-UPD$b00$c20160610$lBLL01$h2024

