=LDR  02400pam a2200613 a 4500
=001  012881071
=003  Uk
=005  20050422113557.0
=008  040930s2005\\\\maua\\\\\bf\\\001\0\eng\\
=010  \\$a2004023181  
=015  \\$aGBA4W9943$2bnb
=016  7\$a012881071$2Uk
=020  \\$a9781405111925 (pbk.) :$c£32.50
=020  \\$a1405111925 (pbk.) :$c£32.50
=035  \\$a(DNLM)101230992
=040  \\$aStDuBDS$beng$cUk$dUk
=042  \\$aukblsr
=050  00$aRC802$b.T73 2005
=060  10$aWI 39$bG2562 2005
=082  00$a616.33$222
=245  00$aGastroenterology.
=250  \\$a3rd ed. /$bSimon P.L. Travis ... [et al.].
=260  \\$aMalden, Mass. ;$aOxford :$bBlackwell,$c2005.
=300  \\$aix, 483 p. :$bill. ;$c24 cm.
=336  \\$atext$2rdacontent
=337  \\$aunmediated$2rdamedia
=338  \\$avolume$2rdacarrier
=490  1\$aPocket consultant
=500  \\$aPrevious ed.: Gastroenterology / S.P.L. Travis. 2nd ed. 1998.
=500  \\$aFormerly CIP.$5Uk
=504  \\$aIncludes bibliographical references and index.
=505  0\$aAlimentary emergencies -- Oesophagus -- Stomach and duodenum -- Pancreas -- Liver -- Gall bladder and biliary tree -- Small intestine -- UC and CD -- Large intestine -- Inflammatory bowel disease -- GI infections -- Nutrition -- The gut in systemic disorders -- Procedures and investigations.
=650  \0$aGastrointestinal system$xDiseases$vHandbooks, manuals, etc.
=650  12$aDigestive System Diseases$xdiagnosis$vHandbooks.
=650  12$aDigestive System Diseases$xtherapy$vHandbooks.
=700  1\$aTravis, S. P. L.
=830  \0$aPocket consultant.
=852  11$aBritish Library$bSTI$k(B)$h616.33
=852  \\$aBritish Library$bHMNTS
=856  41$3Table of contents$uhttp://www.loc.gov/catdir/toc/ecip051/2004023181.html
=CAT  \\$aBATCH$b00$c20040530$lBLL01$h1453
=CAT  \\$a12323$b40$c20050419$lBLL01$h0918
=CAT  \\$a12323$b40$c20050419$lBLL01$h0919
=CAT  \\$a6160$b40$c20050420$lBLL01$h1349
=CAT  \\$a9671$b40$c20050422$lBLL01$h1045
=CAT  \\$a9671$b40$c20050422$lBLL01$h1135
=CAT  \\$aBATCH$b00$c20050517$lBLL01$h1704
=CAT  \\$aBATCH$b00$c20091217$lBLL01$h0318
=CAT  \\$aWR16_021$c20160610$lBLL01$h1942
=CAT  \\$aBATCH-UPD$b00$c20160610$lBLL01$h2025
=FIN  \\$aY$d20050422
=FMT  \\$a  BK
=LAS  \\$aBATCH-UPD$b00$c20160610$lBLL01$h2025
=SRC  \\$aBLL02

