=LDR  03210aam a2200529 a 4500
=001  012881083
=003  Uk
=005  20071004215524.0
=008  061016s2007\\\\maua\\\\\b\\\\001\0\eng\\
=010  \\$a  2006034606
=015  \\$aGBA4W9931$2bnb
=016  7\$a012881083$2Uk
=020  \\$a9781405122061 (cased) :$c£65.00
=020  \\$a1405122064 (cased) :$c£65.00
=040  \\$aStDuBDS$beng$cStDuBDS$dUk
=042  \\$aukblsr
=050  00$aRD594.3$b.S97 2007
=082  00$a617.482044$222
=245  00$aSurgical management of spinal cord injury :$bcontroversies and consensus /$cedited by Arun Paul Amar.
=260  \\$aOxford :$bBlackwell,$c2007.
=300  \\$axv, 256 p. :$bill. ;$c24 cm.
=336  \\$atext$2rdacontent
=337  \\$aunmediated$2rdamedia
=338  \\$avolume$2rdacarrier
=500  \\$aFormerly CIP.$5Uk
=504  \\$aIncludes bibliographical references and index.
=505  0\$aPathogenesis of acute spinal cord injury and theoretical bases of neurological recovery / Arun Paul Amar -- Pharmacotherapy for spinal cord injury / Steven Casha, Joseph Silvaggio, R. John Hurlbert -- Prehospital and emergency department management of spinal cord injury / Stuart P. Swadron, Danny L. Chang, Brian Wilbur -- Radiographic workup of spinal cord injury / Nestor R. Gonzalez, Larry T. Khoo, Richard G. Fessler -- Controversies in surgical decompression : timing of decompressive surgery of the spinal cord / Mark S. Gerber, Volker K.H. Sonntag -- Biomechanics of spinal column failure / Eric P. Roger, G. Alexander Jones, Edward C. Benzel -- Principles of spine stabilization / G. Alexander Jones, Eric P. Roger, Edward C. Benzel -- Controversies in the management of cervical spinal cord injury / Paul G. Matz, Mark N. Hadley -- Surgical decision-making in spinal fracture dislocations / Robert G. Watkins -- Spinal cord injury in pediatric patients / Philipp R. Aldana, Douglas L. Brockmeyer -- Management of penetrating spinal cord injury / K. Anthony Kim, Arun Paul Amar, Michael L. Levy -- Traumatic vascular injury to the cervical spine / Michael L. DiLuna, Arun Paul Amar -- Intraoperative neurophysiologic monitoring during spinal surgery / Indro Chakrabarti, Jerry Larson, Gordon L. Engler, Steven L. Giannotta -- Surgery after the acute phase of traumatic spinal cord injury / Michael Y. Wang, Barth A. Green.
=650  \0$aSpinal cord$xSurgery.
=650  \0$aSpinal cord$xWounds and injuries.
=650  12$aSpinal Cord Injuries.
=650  22$aSpinal Cord Injuries$xsurgery.
=700  1\$aAmar, Arun Paul.
=852  11$aBritish Library$bSTI$k(B)$h617.482044
=852  \\$aBritish Library$bHMNTS
=856  41$3Table of contents only$uhttp://www.loc.gov/catdir/toc/ecip073/2006034606.html
=BUF  \\$aN$d20070430
=CAT  \\$aBATCH$b00$c20040530$lBLL01$h1453
=CAT  \\$c20040530$lBLL01$h1455
=CAT  \\$c20040530$lBLL01$h1508
=CAT  \\$aCIPCORR$c20040613$lBLL01$h1858
=CAT  \\$a8299$b40$c20070430$lBLL01$h1229
=CAT  \\$a6923$b40$c20070612$lBLL01$h0925
=CAT  \\$aBATCH-BUOC$b00$c20071004$lBLL01$h2155
=CAT  \\$aWR16_021$c20160610$lBLL01$h1942
=FIN  \\$aY$d20070430
=FMT  \\$a  BK
=LAS  \\$aWR16_021$b00$c20160610$lBLL01$h1942

