=LDR  03326aam a2200541 a 4500
=001  012881084
=003  Uk
=005  20070510213638.0
=008  060208s2006\\\\maua\\\\\b\\\\001\0\eng\\
=010  \\$a  2006004376
=015  \\$aGBA4W9930$2bnb
=016  7\$a012881084$2Uk
=020  \\$a9781405122108 (hbk.) :$c£79.50
=020  \\$a1405122102 (hbk.) :$c£79.50
=040  \\$aStDuBDS$beng$cStDuBDS$dUk
=042  \\$aukblsr
=050  00$aRD598.35.M95$bM96 2006
=082  00$a617.4120598$222
=245  00$aMyocardial laser revascularization /$cedited by Charles R. Bridges, Keith A. Horvath, Ray Chu-Jeng Chiu.
=260  \\$aOxford :$bBlackwell Futura,$c2006.
=300  \\$aix, 174 p. :$bill. ;$c24 cm.
=336  \\$atext$2rdacontent
=337  \\$aunmediated$2rdamedia
=338  \\$avolume$2rdacarrier
=500  \\$aFormerly CIP.$5Uk
=504  \\$aIncludes bibliographical references and index.
=505  0\$aScientific and historic precedents / O.H. Frazier, Marianne Bergheim, and Kamuran A. Kadipasaoglu -- Laser-tissue interaction / E. Duco Jansen, and Peter Whittaker -- The biology of laser-tissue interactions: in vivo comparisons and consequences / Peter Whittaker and E. Duco Jansen -- Histopathological effects of transmyocardial laser revascularization on myocardium: assessment of channel patency / Kamuran A. Kadipasaoglu, Egemen Tuzun, and O.H. Frazier -- Animal models of acute and chronic coronary ischemia: effects of TMR on perfusion and left ventricular function / G. Chad Hughes and James E. Lowe -- Selection criteria for sole therapy and adjunctive therapy in combination with coronary artery bypass graft surgery / Charles R. Bridges and Kapil Gopal -- Results of prospective randomized trials / Keith B. Allen and Keith A. Horvath -- Combination therapy with coronary artery bypass grafting / Kapil Gopal and Charles R. Bridges -- Operative techniques of transmyocardial laser revascularization / Keith A. Horvath -- The open channel hypothesis for transmyocardial revascularization: a re-examination / Peter Whittaker and Chad E. Darling -- Mechanisms of TMR: angiogenesis / Marc P. Pelletier, Varun Kapila, and Ray C.J. Chiu -- Myocardial sinusoids and non-compaction: embryology and relevance to the adult coronary circulation / Ray C.J. Chiu, Stephen J. Korkola and Kevin Lachapelle -- Remodeling of the intrinsic cardiac nervous system following chronic transmyocardial laser therapy / J. Andrew Armour.
=650  \0$aMyocardial revascularization.
=650  \0$aLasers in surgery.
=650  12$aMyocardial Revascularization.
=650  22$aLaser Surgery.
=700  1\$aBridges, Charles R.,$d1956-
=700  1\$aHorvath, Keith A.
=700  1\$aChiu, Ray Chu-Jeng.
=852  11$aBritish Library$bSTI$k(B)$h617.413
=852  \\$aBritish Library$bHMNTS
=856  41$3Table of contents$uhttp://www.loc.gov/catdir/toc/ecip068/2006004376.html
=BUF  \\$aN$d20070111
=CAT  \\$aBATCH$b00$c20040530$lBLL01$h1453
=CAT  \\$c20040530$lBLL01$h1455
=CAT  \\$c20040530$lBLL01$h1508
=CAT  \\$aCIPCORR$c20040613$lBLL01$h1858
=CAT  \\$a11029$b40$c20070111$lBLL01$h1053
=CAT  \\$aBATCH-BUOC$b00$c20070510$lBLL01$h2136
=CAT  \\$aWR16_021$c20160610$lBLL01$h1942
=FIN  \\$aY$d20070111
=FMT  \\$a  BK
=LAS  \\$aWR16_021$b00$c20160610$lBLL01$h1942

