=LDR  01626pam a2200481 a 4500
=001  012881236
=003  Uk
=005  20060224115420.0
=008  021203s2003\\\\nyua\\\\\\\\\\001\0\eng\\
=010  \\$a2002155186  
=015  \\$aGBA4W9772$2bnb
=016  7\$a012881236$2Uk
=020  \\$a1579903460 (pbk.) :$c£10.95
=040  \\$aStDuBDS$dUk
=042  \\$aukblsr
=050  00$aTT900.H32$bO84 2003
=082  00$a745.5941646$222
=100  1\$aO'Sullivan, Joanne.
=245  10$aHalloween :$ba grown-up's guide to creative costumes, devilish decor & fabulous festivities /$cJoanne O'Sullivan.
=250  \\$a1st ed.
=260  \\$aNew York, N.Y. :$bLark Books ;$aLewes :$bGuild of Master Craftsman Pub. [distributor],$cc2003.
=300  \\$a175 p. :$bill. (some col.) ;$c26 cm.
=336  \\$atext$2rdacontent
=337  \\$aunmediated$2rdamedia
=338  \\$avolume$2rdacarrier
=500  \\$aIncludes index.
=500  \\$aFormerly CIP.$5Uk
=650  \0$aHalloween decorations.
=650  \0$aHalloween costumes.
=852  41$aBritish Library$bHMNTS
=856  42$3Publisher description$uhttp://www.loc.gov/catdir/description/ste031/2002155186.html
=CAT  \\$aBATCH$b00$c20040530$lBLL01$h1453
=CAT  \\$c20040530$lBLL01$h1455
=CAT  \\$c20040530$lBLL01$h1508
=CAT  \\$aCIPCORR$c20040613$lBLL01$h1858
=CAT  \\$a12323$b40$c20050126$lBLL01$h1117
=CAT  \\$a6632$b40$c20060224$lBLL01$h1120
=CAT  \\$a6632$b40$c20060224$lBLL01$h1154
=CAT  \\$aWR16_021$c20160610$lBLL01$h1942
=FIN  \\$aY$d20060224
=FMT  \\$a  BK
=LAS  \\$aWR16_021$b00$c20160610$lBLL01$h1942
=SRC  \\$aBLL02

