=LDR  02418cam a2200613 a 4500
=001  012929434
=003  Uk
=005  20131009132922.0
=008  040608s2005\\\\nyua\\\\\b\\\\001\0\eng\\
=010  \\$a  2004054659
=015  \\$aGBA442033$2bnb
=016  7\$a012929434$2Uk
=020  \\$a0071440828 (hbk.) :$c£55.00
=040  \\$aStDuBDS$beng$cStDuBDS$dUk
=042  \\$aukblsr
=050  00$aTK6570.M6$bS595 2005
=082  00$a621.38456$222
=100  1\$aSmith, Clint$c(Telecommunications specialist)
=245  10$a3G wireless with WiMAX and Wi-Fi :$b802.16 and 802.11 /$cClint Smith, John Meyer.
=260  \\$aNew York :$bMcGraw-Hill Professional ;$aLondon :$aMcGraw-Hill,$cc2005.
=300  \\$axii, 234 p. :$bill. ;$c24 cm.
=336  \\$atext$2rdacontent
=337  \\$aunmediated$2rdamedia
=338  \\$avolume$2rdacarrier
=490  1\$aMcGraw-Hill professional engineering. Communications engineering
=500  \\$aFormerly CIP.$5Uk
=504  \\$aIncludes bibliographical references and index.
=650  \0$aMobile communication systems.
=650  \0$aWireless communication systems.
=650  \0$aGlobal system for mobile communications.
=700  1\$aMeyer, John$c(Computer software developer)
=830  \0$aMcGraw-Hill professional engineering.$pCommunications engineering.
=852  11$aBritish Library$bSTI$k(B)$h621.38456
=852  \\$aBritish Library$bHMNTS
=856  42$3Publisher description$uhttp://www.loc.gov/catdir/description/mh051/2004054659.html
=856  42$3Contributor biographical information$uhttp://www.loc.gov/catdir/bios/mh042/2004054659.html
=856  41$3Table of contents$uhttp://www.loc.gov/catdir/toc/mh041/2004054659.html
=BUF  \\$aN$d20070316
=CAT  \\$aBATCH$b00$c20040608$lBLL01$h1734
=CAT  \\$c20040608$lBLL01$h1735
=CAT  \\$c20040608$lBLL01$h1744
=CAT  \\$a11251$b40$c20041201$lBLL01$h1439
=CAT  \\$a12664$b40$c20070316$lBLL01$h1018
=CAT  \\$a8178$b40$c20070316$lBLL01$h1206
=CAT  \\$aBATCH-BUOC$b00$c20070322$lBLL01$h2136
=CAT  \\$aBATCH$b00$c20091217$lBLL01$h0319
=CAT  \\$a8962$b40$c20131009$lBLL01$h1328
=CAT  \\$a8962$b40$c20131009$lBLL01$h1329
=CAT  \\$aWR16_021$c20160610$lBLL01$h1944
=CAT  \\$aBATCH-UPD$b00$c20160610$lBLL01$h2041
=CAT  \\$aW2308-1659$c20230923$lBLL01$h0903
=FIN  \\$aY$d20070316
=FMT  \\$a  BK
=LAS  \\$aW2308-1659$b00$c20230923$lBLL01$h0903

