=LDR  02003cam a2200553 a 4500
=001  012929464
=003  Uk
=005  20050615134422.0
=008  040520s2004\\\\ne\a\\\\\\\\\\001\0\eng\\
=010  \\$a2004052840  
=015  \\$aGBA442063$2bnb
=016  7\$a012929464$2Uk
=020  \\$a0124518389 (cased) :$c£39.99
=040  \\$aStDuBDS$dUk
=042  \\$aukblsr
=050  00$aTJ223.P76$bL58 2004
=082  00$a629.895$222
=100  1\$aLipovski, G. Jack.
=245  10$aIntroduction to microcontrollers :$barchitecture, programming, and interfacing for the Freescale 68HC12 /$cG.J. Lipovski.
=250  \\$a2nd ed.
=260  \\$aAmsterdam ;$aLondon :$bElsevier Academic Press,$cc2004.
=300  \\$axxxi, 451 p. :$bill. ;$c26 cm. +$e1 CD-ROM (4 3/4 in.)
=336  \\$atext$2rdacontent
=337  \\$aunmediated$2rdamedia
=338  \\$avolume$2rdacarrier
=490  1\$aAcademic Press series in engineering
=500  \\$aIncludes index.
=500  \\$aFormerly CIP.$5Uk
=650  \0$aProgrammable controllers.
=650  \0$aMicroprocessors.
=830  \0$aAcademic Press series in engineering.
=852  11$aBritish Library$bSTI$k(B)$h629.895$3Accompanying CD-ROM at (TB) 629.895
=852  11$aBritish Library$bSTI$k(TB)$h629.895
=852  \\$aBritish Library$bHMNTS
=856  41$3Table of contents$uhttp://www.loc.gov/catdir/toc/els051/2004052840.html
=856  42$3Publisher description$uhttp://www.loc.gov/catdir/description/els051/2004052840.html
=CAT  \\$aBATCH$b00$c20040608$lBLL01$h1734
=CAT  \\$c20040608$lBLL01$h1735
=CAT  \\$c20040608$lBLL01$h1744
=CAT  \\$a12327$b40$c20050614$lBLL01$h1057
=CAT  \\$a9678$b40$c20050615$lBLL01$h1344
=CAT  \\$aBATCH$b00$c20091217$lBLL01$h0319
=CAT  \\$aWR16_021$c20160610$lBLL01$h1944
=CAT  \\$aBATCH-UPD$b00$c20160610$lBLL01$h2041
=CAT  \\$aW2308-1659$c20230923$lBLL01$h0903
=FIN  \\$aY$d20050615
=FMT  \\$a  BK
=LAS  \\$aW2308-1659$b00$c20230923$lBLL01$h0903
=SRC  \\$aBLL02

