=LDR  01646cam a2200493 a 4500
=001  012929813
=003  Uk
=005  20070301213634.0
=008  060523s2007\\\\njua\\\\\b\\\\001\0\eng\\
=010  \\$a  2006047509
=015  \\$aGBA442412$2bnb
=016  7\$a012929813$2Uk
=020  \\$a9780471460527 (hbk.) :$c£50.50
=020  \\$a0471460524 (hbk.) :$c£50.50
=040  \\$aStDuBDS$beng$cStDuBDS$dUk
=042  \\$aukblsr
=050  00$aTK5103.59$b.V33 2007
=082  00$a621.3827$222
=100  1\$aVacca, John R.
=245  10$aOptical networking best practices handbook /$cJohn R. Vacca.
=260  \\$aHoboken, N.J. :$bWiley-Interscience,$c2007.
=300  \\$axxix, 472 p. :$bill. ;$c25 cm.
=336  \\$atext$2rdacontent
=337  \\$aunmediated$2rdamedia
=338  \\$avolume$2rdacarrier
=500  \\$aFormerly CIP.$5Uk
=504  \\$aIncludes bibliographical references and index.
=650  \0$aOptical communications.
=650  \0$aFiber optics.
=852  11$aBritish Library$bSTI$k(B)$h621.3827
=852  \\$aBritish Library$bHMNTS
=856  42$3Publisher description$uhttp://www.loc.gov/catdir/enhancements/fy0653/2006047509-d.html
=BUF  \\$aN$d20070110
=CAT  \\$aBATCH$b00$c20040608$lBLL01$h1734
=CAT  \\$c20040608$lBLL01$h1735
=CAT  \\$c20040608$lBLL01$h1744
=CAT  \\$a11168$b40$c20070110$lBLL01$h1101
=CAT  \\$a10962$b40$c20070112$lBLL01$h1342
=CAT  \\$aBATCH-BUOC$b00$c20070301$lBLL01$h2136
=CAT  \\$aWR16_021$c20160610$lBLL01$h1944
=CAT  \\$aW2308-1659$c20230923$lBLL01$h0903
=FIN  \\$aY$d20070110
=FMT  \\$a  BK
=LAS  \\$aW2308-1659$b00$c20230923$lBLL01$h0903

