=LDR  01622 am a2200433 a 4500
=001  012931942
=003  Uk
=005  20040615095105.0
=008  970428s1997\\\\azua\\\\\b\\\\000\0\eng\d
=010  \\$a   98130255 
=020  \\$a0945968264
=035  \\$a(OCoLC)36815296
=040  \\$aOAU$cOAU$dIU$dDLC
=042  \\$alccopycat
=043  \\$an-us---
=050  00$aHD39.5$b.E388 1997
=100  1\$aEllram, Lisa M.
=245  10$aOutsourcing :$bimplications for supply management /$cby Lisa M. Ellram and Arnold Maltz.
=260  \\$aTempe, AZ :$bCenter for Advanced Purchasing Studies,$cc1997.
=300  \\$a139 p. :$bill. ;$c28 cm.
=336  \\$atext$2rdacontent
=337  \\$aunmediated$2rdamedia
=338  \\$avolume$2rdacarrier
=500  \\$a"Center for Advanced Purchasing Studies; National Association of Purchasing Management; ASU; New Mexico State University"--Cover.
=504  \\$aIncludes bibliographical references (p. 102-104).
=650  \0$aIndustrial procurement$zUnited States.
=650  \0$aContracting out$zUnited States$xCase studies.
=650  \0$aPurchasing$zUnited States.
=650  \0$aMaterials management$zUnited States.
=700  1\$aMaltz, Arnold.
=710  2\$aCenter for Advanced Purchasing Studies (Tempe, Ariz.)
=710  2\$aNational Association of Purchasing Management.
=852  41$aBritish Library$bDSC
=856  4\$3Table of contents$uhttp://lcweb.loc.gov/catdir/toc/98-130255.html
=CAT  \\$a8440$b40$c20040615$lBLL01$h0951
=CAT  \\$aWR11_122$c20120103$lBLL01$h1726
=FMT  \\$a  BK
=LAS  \\$aWR11_122$b00$c20120103$lBLL01$h1726
=SRC  \\$aBLL02$bpart.2.av

