=LDR  01956cam a2200517 a 4500
=001  012954992
=003  Uk
=005  20070816213621.0
=008  031120s2004\\\\nyua\\\\\\\\\\001\0\eng\\
=010  \\$a  2003025640
=015  \\$aGBA452850$2bnb
=016  7\$a012954992$2Uk
=020  \\$a0806978716 (pbk.) :$c£8.99
=040  \\$aStDuBDS$beng$cStDuBDS$dUk
=042  \\$aukblsr
=050  00$aBF1572.S65$bB46 2004
=082  00$a133.43$222
=100  1\$aBennett, Robin Rose.
=245  10$aHealing magic :$ba green witch guidebook /$cRobin Rose Bennett ; foreword by Susan S. Weed.
=260  \\$aNew York :$bSterling ;$aLondon :$bDistributed in Great Britain by Chrysalis Books,$c2004.
=300  \\$a192 p. :$bill. ;$c23 cm.
=336  \\$atext$2rdacontent
=337  \\$aunmediated$2rdamedia
=338  \\$avolume$2rdacarrier
=500  \\$aFormerly CIP.$5Uk
=500  \\$aIncludes index.
=505  0\$aReconnecting with the earth -- Engaging mystery -- Moon magic and women's wisdom -- Herbal magic -- The medicine wheel of magic -- Spells -- Rituals -- A final story.
=650  \0$aWitchcraft.
=650  \0$aSpiritual healing.
=650  \0$aMedicine, Magic, mystic, and spagiric.
=852  41$aBritish Library$bHMNTS
=856  42$3Publisher description$uhttp://www.loc.gov/catdir/description/ste041/2003025640.html
=856  41$3Table of contents$uhttp://www.loc.gov/catdir/toc/ecip0411/2003025640.html
=BUF  \\$aN$d20070813
=CAT  \\$aBATCH$b00$c20040720$lBLL01$h1223
=CAT  \\$c20040720$lBLL01$h1224
=CAT  \\$c20040720$lBLL01$h1230
=CAT  \\$a12271$b40$c20070813$lBLL01$h1550
=CAT  \\$a12271$b40$c20070813$lBLL01$h1552
=CAT  \\$a12271$b40$c20070813$lBLL01$h1639
=CAT  \\$aBATCH-BUOC$b00$c20070816$lBLL01$h2136
=CAT  \\$aWR16_021$c20160610$lBLL01$h1948
=CAT  \\$aW2308-1659$c20230923$lBLL01$h0905
=FIN  \\$aY$d20070813
=FMT  \\$a  BK
=LAS  \\$aW2308-1659$b00$c20230923$lBLL01$h0905

