=LDR  01535 am a22004455a 4500
=001  012957889
=003  Uk
=005  20051110114520.0
=008  040503s2003\\\\mau\\\\\\b\\\\000\0\eng\d
=016  7\$a012957889$2Uk
=020  \\$a0262621800 (pbk.)
=020  \\$a0262122499
=040  \\$aFDM$cFDM$dOCLCQ$dBAKER
=100  1\$aLovink, Geert.
=245  10$aDark fiber :$btracking critical Internet culture /$cGeert Lovink.
=250  \\$a1st MIT Press pbk. ed., 2003.
=260  \\$bMIT Press$c2003
=260  \\$aCambridge, Mass. :$bMIT Press,$cc2003.
=300  \\$axi, 382 p. ;$c23 cm.
=336  \\$atext$2rdacontent
=337  \\$aunmediated$2rdamedia
=338  \\$avolume$2rdacarrier
=490  1\$aElectronic culture--history, theory, practice
=504  \\$aIncludes bibliographical references (p. ([380]-382).
=650  \0$aInternet$xSocial aspects.
=650  \0$aInformation society.
=650  \0$aCulture.
=830  \0$aElectronic culture--history, theory, practice.
=852  41$aBritish Library$bHMNTS
=856  41$3Table of contents$uhttp://www.loc.gov/catdir/toc/fy033/2001059641.html
=CAT  \\$a10775$b40$c20040726$lBLL01$h1527
=CAT  \\$a10775$b40$c20040726$lBLL01$h1529
=CAT  \\$a5004$b40$c20051110$lBLL01$h1145
=CAT  \\$aBATCH$b00$c20091217$lBLL01$h0323
=CAT  \\$aBATCH-UPD$b00$c20151202$lBLL01$h0113
=CAT  \\$aBATCH-UPD$b00$c20160110$lBLL01$h2150
=CAT  \\$aWR16_021$c20160610$lBLL01$h1949
=FMT  \\$a  BK
=LAS  \\$aWR16_021$b00$c20160610$lBLL01$h1949
=SID  \\$aZ39$bOCLC

