=LDR  02119cam a2200565 a 4500
=001  012981432
=003  Uk
=005  20220331222743.0
=008  040512s2005\\\\njua\\\\\b\\\\001\0\eng\\
=010  \\$a2004042256  
=015  \\$aGBA463529$2bnb
=016  7\$a012981432$2Uk
=020  \\$a0471484229 (cased) :$c℗Đ38.50
=040  \\$aStDuBDS$beng$dUk
=042  \\$aukblsr
=050  00$aTK6680.5$b.A25 2004
=082  04$a621.367$222
=100  1\$aAcharya, Tinku.
=245  10$aJPEG2000 standard for image compression :$bconcepts, algorithms and VLSI architectures /$cTinku Acharya, Ping-Sing Tsai.
=260  \\$aHoboken, N.J. ;$a[Chichester] :$bWiley-Interscience,$cc2005.
=300  \\$axv, 274 p., [1] p. of plates :$bill. (some col.) ;$c25 cm.
=336  \\$atext$2rdacontent
=337  \\$aunmediated$2rdamedia
=338  \\$avolume$2rdacarrier
=500  \\$aFormerly CIP.$5Uk
=504  \\$aIncludes bibliographical references and index.
=540  \\$aCurrent Copyright Fee: GBP32.00$c0$5Uk
=650  \0$aJPEG (Image coding standard)
=650  \0$aImage compression.
=700  1\$aTsai, Ping-Sing,$d1962-
=852  11$aBritish Library$bSTI$k(B)$h621.367
=852  41$aBritish Library$bDSC
=856  42$3Publisher description$uhttp://www.loc.gov/catdir/description/wiley042/2004042256.html
=856  41$3Table of contents$uhttp://www.loc.gov/catdir/toc/wiley041/2004042256.html
=CAT  \\$aBATCH$b00$c20040831$lBLL01$h2008
=CAT  \\$c20040831$lBLL01$h2014
=CAT  \\$a6923$b40$c20050113$lBLL01$h1215
=CAT  \\$a6632$b40$c20050117$lBLL01$h1546
=CAT  \\$a11315$b40$c20050125$lBLL01$h0851
=CAT  \\$a11056$b40$c20050126$lBLL01$h0906
=CAT  \\$aBATCH$b00$c20050216$lBLL01$h0954
=CAT  \\$aWR16_021$c20160610$lBLL01$h1953
=CAT  \\$aBATCH-CLAB$c20220330$lBLL01$h1710
=CAT  \\$aIPL-CLA$c20220331$lBLL01$h2227
=CAT  \\$aW2308-1659$c20230923$lBLL01$h0908
=CFI  0\$aCurrent Copyright Fee: GBP32.00$c0$e01-apr-2022$fGBP32.00$g0$hC$5Uk
=FIN  \\$aY$d20050125
=FMT  \\$a  BK
=LAS  \\$aW2308-1659$b00$c20230923$lBLL01$h0908
=SID  \\$aZ39$bLOC

