=LDR  01826cam a2200493 a 4500
=001  012991912
=003  Uk
=005  20070227111856.0
=008  051208s2006\\\\vau\\\\\\\\\\\000\0\eng\\
=010  \\$a  2005035930
=015  \\$aGBA466980$2bnb
=016  7\$a012991912$2Uk
=020  \\$a1580402070 (pbk.) :$c£9.95
=035  \\$a(OCoLC)ocm62738497
=040  \\$aStDuBDS$dUk
=042  \\$aukblsr
=050  00$aTX551$b.H686 2006
=082  00$a613.2$222
=100  10$aHolzmeister, Lea Ann.
=245  14$aThe ultimate calorie, carb, & fat gram counter :$bquick, easy meal planning using counts for your favorite foods /$cLea Ann Holzmeister.
=246  3\$aUltimate calorie, carb, and fat gram counter
=260  \\$aAlexandria, Va. :$bSmall Steps Press,$cc2006.
=300  \\$axviii, 603 p. ;$c18 cm.
=336  \\$atext$2rdacontent
=337  \\$aunmediated$2rdamedia
=338  \\$avolume$2rdacarrier
=500  \\$aFormerly CIP.$5Uk
=504  \\$aIncludes bibliographical references and index.
=650  \0$aFood$xComposition$vTables.
=650  \2$aFood Analysis$vTables.
=650  \2$aNutrition$vTables.
=852  41$aBritish Library$bHMNTS
=856  41$3Table of contents$uhttp://www.loc.gov/catdir/toc/ecip065/2005035930.html
=856  42$3Contributor biographical information$uhttp://www.loc.gov/catdir/enhancements/fy0623/2005035930-b.html
=856  42$3Publisher description$uhttp://www.loc.gov/catdir/enhancements/fy0623/2005035930-d.html
=CAT  \\$aBATCH$b00$c20040914$lBLL01$h1703
=CAT  \\$c20040914$lBLL01$h1704
=CAT  \\$c20040914$lBLL01$h1708
=CAT  \\$a7732$b40$c20070227$lBLL01$h1118
=CAT  \\$aBATCH-UPD$b40$c20160604$lBLL01$h2311
=CAT  \\$aW2308-1659$c20230923$lBLL01$h0908
=FIN  \\$aY$d20070227
=FMT  \\$a  BK
=LAS  \\$aW2308-1659$b00$c20230923$lBLL01$h0908

