=LDR  01437 am a2200397 a 4500
=001  013008683
=003  Uk
=005  20050113172835.0
=008  021120s2003\\\\mduabc\\\b\\\\001\0\eng\\
=010  \\$a  2002154388
=015  \\$aGBA503489$2bnb
=020  \\$a0742519155 (alk. paper) :$cNo price
=020  \\$a0742519163 (pbk. : alk. paper) :$cNo price
=040  \\$aDLC$cDLC$dDLC$dUk
=042  \\$aukblsr
=043  \\$aa-cc---
=050  00$aDS712$b.W75 2003
=082  00$a951.3405$221
=100  1\$aWright, Daniel B.,$d1962-
=245  14$aThe promise of the revolution :$bstories of fulfillment and struggle in China's hinterland /$cDaniel B. Wright.
=246  30$aStories of fulfillment and struggle in china's hinterland
=260  \\$aLanham ;$aOxford :$bRowman & Littlefield Publishers,$cc2003.
=300  \\$axvi, 199 p. :$bill., maps ;$c24 cm.
=336  \\$atext$2rdacontent
=337  \\$aunmediated$2rdamedia
=338  \\$avolume$2rdacarrier
=504  \\$aIncludes bibliographical references (p. 177-191) and index.
=600  10$aWright, Daniel B.,$d1962-$xTravel$zChina.
=651  \0$aChina$xDescription and travel.
=852  41$aBritish Library$bHMNTS
=856  41$3Table of contents$uhttp://www.loc.gov/catdir/toc/fy044/2002154388.html
=CAT  \\$a5703$b40$c20041007$lBLL01$h1035
=CAT  \\$a6632$b40$c20050113$lBLL01$h1728
=FIN  \\$aY$d20050113
=FMT  \\$a  BK
=LAS  \\$a6632$b40$c20050113$lBLL01$h1728

