=LDR  01400 am a2200421 a 4500
=001  013020003
=003  Uk
=005  20041125141356.0
=008  040701s2004\\\\vtua\\\\\b\\\\001\0\eng\\
=010  \\$a2004015528
=020  \\$a0892811897
=040  \\$aDLC$cDLC$dDLC$dCaONFJC$dUk
=050  00$aBM525$b.L325 2004
=082  00$a296.16$222
=100  1\$aLeet, Leonora.
=245  14$aThe universal kabbalah :$bdeciphering the cosmic code in the sacred geometry of the sabbath star diagram /$cLeonora Leet.
=260  \\$aRochester, Vt. :$bInner Traditions,$cc2004.
=300  \\$axvii, 494 p., [16] p. of plates :$bill. (some col.) ;$c29 cm.
=336  \\$atext$2rdacontent
=337  \\$aunmediated$2rdamedia
=338  \\$avolume$2rdacarrier
=504  \\$aIncludes bibliographical references and index.
=650  \0$aCabala.
=650  \0$aCabala$xMathematical models.
=650  \0$aJewish cosmology.
=650  \0$aTree of life.
=650  \0$aMagen David.
=852  41$aBritish Library$bDSC
=856  41$3Table of contents$uhttp://www.loc.gov/catdir/toc/ecip0419/2004015528.html
=CAT  \\$aBATCH$b00$c20041021$lBLL01$h1410
=CAT  \\$c20041021$lBLL01$h1410
=CAT  \\$c20041021$lBLL01$h1411
=CAT  \\$a7732$b40$c20041125$lBLL01$h0909
=CAT  \\$a6506$b40$c20041125$lBLL01$h1413
=FIN  \\$aY
=FMT  \\$a  BK
=LAS  \\$a6506$b40$c20041125$lBLL01$h1413
=SID  \\$aZ39$bLOC

