=LDR  01986pam a22003854a 4500
=001  013030280
=003  Uk
=005  20041104143549.0
=008  030521s2004\\\\nyua\\\\\b\\\\001\0\eng\\
=010  \\$a  2003011723
=020  \\$a0820467758 (hardcover : alk. paper)
=040  \\$aDLC$cDLC$dDLC
=042  \\$apcc
=043  \\$ancgt---$acl-----
=050  00$aLE11.G82$bP38 2004
=082  00$a972.81/1$221
=100  1\$aPattridge, Blake D.,$d1964-
=245  10$aInstitution building and state formation in nineteenth-century Latin America :$bthe University of San Carlos, Guatemala /$cBlake D. Pattridge.
=260  \\$aNew York :$bP. Lang,$cc2004.
=300  \\$axii, 293 p. :$bill. ;$c24 cm.
=336  \\$atext$2rdacontent
=337  \\$aunmediated$2rdamedia
=338  \\$avolume$2rdacarrier
=490  1\$aAmerican university studies. XXII, Latin American literature,$x0895-0490 ;$vv. 28
=504  \\$aIncludes bibliographical references (p. [277]-284) and index.
=505  0\$aThe colonial foundations -- Early independence -- The liberal experiment : the Academy of Sciences -- Curricular and social issues in the aftermath of independence and the Academy of Sciences -- The University of San Carlos of Guatemala under conservative rule, 1840-1855 -- University reform and the ascendancy of liberal control, 1855-1885 -- Curricular and social issues in the restored university and the era of liberal ascendancy, 1855-1885.
=610  20$aUniversidad de San Carlos de Guatemala$xHistory$y19th century.
=650  \0$aHigher education and state$zLatin America$xHistory$y19th century.
=650  \0$aEducation, Higher$zLatin America$xHistory$y19th century.
=830  \0$aAmerican university studies.$nSeries XXII,$pLatin American literature ;$vv. 28.
=852  \\$aBritish Library$bHMNTS
=856  41$3Table of contents$uhttp://www.loc.gov/catdir/toc/ecip044/2003011723.html
=CAT  \\$a5703$b40$c20041104$lBLL01$h1435
=FMT  \\$a  BK
=LAS  \\$a5703$b40$c20041104$lBLL01$h1435

