=LDR  02545 am a22004454a 4500
=001  013040254
=003  Uk
=005  20050204150238.0
=008  030513s2004\\\\nyua\\\\\b\\\\000\0\eng\\
=010  \\$a  2003011173
=020  \\$a0820469106 (pbk.)
=040  \\$aDLC$cDLC$dDLC
=042  \\$apcc
=050  00$aLC189$b.P39 2004
=082  00$a370.11/5$221
=245  00$aPedagogy of place :$bseeing space as cultural education /$cedited by David M. Callejo Pérez, Stephen M. Fain, and Judith J. Slater ; with a foreword by William H. Schubert.
=260  \\$aNew York :$bP. Lang,$cc2004.
=300  \\$axxv, 231 p. :$bill. ;$c23 cm.
=336  \\$atext$2rdacontent
=337  \\$aunmediated$2rdamedia
=338  \\$avolume$2rdacarrier
=490  1\$aCounterpoints : studies in the postmodern theory of education ;$vvol. 263
=504  \\$aIncludes bibliographical references.
=505  0\$aIntroduction : understanding place as a social aspect of education -- Place as a social tool -- The construction of public spaces / Stephen M. Fain -- The erosion of the public space / Judith J. Slater -- The fall of the public academic / Donna L. Adair -- The aesthetics and environment of place -- Traces, patterns, texture : in search of aesthetic teaching/learning encounters / Margaret MacIntyre Latta -- An environment for developing souls : the ideas of Rudolf Steiner / Bruce Uhrmacher -- School as parkland : the re-invention of "story of school" / Cheryl J. Craig -- Place as political and historical -- Away with all teachers : the cultural politics of home schooling / Michael Apple -- Identity, literature, schools, and race : Southern writers and literature as a metaphor for place / David M. Callejo Pérez -- Getting from farmhouse to schoolhouse : school consolidation, pupil transportation, and the limits of educational reform in Mississippi / Corey Lesseig.
=650  \0$aEducational sociology.
=650  \0$aGeography$xPhilosophy.
=650  \0$aAesthetics$xPhilosophy.
=650  \0$aPostmodernism and education.
=700  1\$aCallejo-Pérez, David M.,$d1972-
=700  1\$aSlater, Judith J.
=700  1\$aFain, Stephen M.,$d1940-
=830  \0$aCounterpoints (New York, N.Y.) ;$vv. 263.
=852  41$aBritish Library$bDSC
=856  41$3Table of contents$uhttp://www.loc.gov/catdir/toc/ecip044/2003011173.html
=985  \\$aProvisional Record
=CAT  \\$a4861$b40$c20041117$lBLL01$h0809
=CAT  \\$a5375$b40$c20050204$lBLL01$h1502
=FIN  \\$aY$d20050204
=FMT  \\$a  BK
=LAS  \\$a5375$b40$c20050204$lBLL01$h1502

