=LDR  02094 am a2200505 a 4500
=001  013043395
=003  Uk
=005  20201124185752.0
=008  030424s2002\\\\enka\\\\\d\\\\000\0\fre\\
=010  \\$a2003267894
=020  \\$a0060084502
=040  \\$aDLC$cDLC$dDLC
=041  0\$afre$aeng
=050  00$aPC2640$b.C69 2002
=082  00$a443/.21$221
=245  03$aLe Robert & Collins senior /$c[rédaction, Daphne Day ... et al.]
=246  3\$aRobert et Collins senior
=246  15$aCollins Robert unabridged
=246  15$aDictionnaire français-anglais, anglais-français
=246  15$aFrench-English, English-French dictionary
=246  14$aCollins Robert French dictionary
=246  1\$aHarper Collins Robert French unabridged dictionary
=250  \\$a6th ed.
=260  \\$aGlasgow ;$aNew York, N.Y. :$bCollins ;$aParis :$bDictionnaires Le Robert,$c2002.
=300  \\$axxxvi, 2363, 54 p. :$bill. ;$c27 cm.
=336  \\$atext$2rdacontent
=337  \\$aunmediated$2rdamedia
=338  \\$avolume$2rdacarrier
=500  \\$aRev. ed. of: Robert & Collins senior dictionnaire français-anglais, anglais-français. 5th ed. 1998.
=650  \0$aFrench language$vDictionaries$xEnglish.
=650  \0$aEnglish language$vDictionaries$xFrench.
=700  1\$aDay, Daphne.
=730  0\$aRobert & Collins senior dictionnaire français-anglais, anglais-français.
=852  41$aBritish Library$bHMNTS
=856  42$3Publisher description$uhttp://www.loc.gov/catdir/description/hc042/2003267894.html
=906  \\$a7$bcbc$corigcop$d2$encip$f20$gy-gencatlg
=925  0\$aacquire$b2 shelf copy$xpolicy default
=955  \\$apv19 2003-04-24 Preprocessor to HLCD$clf11 2003-04-30 to lf11/subj$dlf07 2003-05-02;$elf29 2003-05-08 to Dewey$aaa05 2003-05-15$alf27 2004-02-03
=985  \\$aUpgraded by BSS-generated file for WR2011-1473
=991  \\$br-MRR$hPC2640$i.C69 2002$tCopy 1$mAlc$wGenBib
=CAT  \\$a9723$b40$c20041122$lBLL01$h0900
=CAT  \\$aW2011-1473$b00$c20201124$lBLL01$h1857
=FMT  \\$a  BK
=LAS  \\$aW2011-1473$b00$c20201124$lBLL01$h1857
=SID  \\$aZ39$bLOC

