=LDR  02038cam a2200565 a 4500
=001  013063926
=003  Uk
=005  20060411103443.0
=008  041102s2005\\\\enka\\\\\b\\\\001\0\eng\\
=010  \\$a2004026054
=015  \\$aGBA489281$2bnb
=016  7\$a013063926$2Uk
=020  \\$a9780198564935 (cased) :$c£49.95
=020  \\$a0198564937 (cased) :$c£49.95
=020  \\$a9780199297306 (pbk.) :$cNo price
=020  \\$a0199297304 (pbk.) :$cNo price
=040  \\$aStDuBDS$dUk
=042  \\$aukblsr
=050  00$aQH441$b.P37 2005
=082  00$a576.88$222
=245  00$aParsimony, phylogeny, and genomics /$cedited by Victor A. Albert.
=260  \\$aOxford :$bOxford University Press,$c2005.
=300  \\$aix, 229 p. :$bill. ;$c26 cm.
=336  \\$atext$2rdacontent
=337  \\$aunmediated$2rdamedia
=338  \\$avolume$2rdacarrier
=500  \\$aFormerly CIP.$5Uk
=504  \\$aIncludes bibliographical references and index.
=520  \\$a"This book examines the potential that parsimony analysis (cladistics) summarization method has for both structural and functional comparative genomic research"--Provided by publisher.
=650  \0$aCladistic analysis.
=650  \0$aGenetics.
=650  \0$aPhylogeny.
=700  1\$aAlbert, Victor A.$q(Victor Anthony),$d1964-
=852  41$aBritish Library$bDSC
=852  11$aBritish Library$bSTI$k(B)$h576.88
=856  41$3Table of contents$uhttp://www.loc.gov/catdir/toc/ecip053/2004026054.html
=CAT  \\$aBATCH$b00$c20041214$lBLL01$h1703
=CAT  \\$c20041214$lBLL01$h1704
=CAT  \\$c20041214$lBLL01$h1708
=CAT  \\$a11168$b40$c20050408$lBLL01$h1133
=CAT  \\$a6160$b40$c20050411$lBLL01$h1104
=CAT  \\$a6328$b40$c20050413$lBLL01$h0941
=CAT  \\$a12324$b40$c20060411$lBLL01$h1032
=CAT  \\$a12324$b40$c20060411$lBLL01$h1034
=CAT  \\$aWR16_021$c20160610$lBLL01$h2007
=CAT  \\$aW2308-1659$c20230923$lBLL01$h0913
=FIN  \\$aY$d20050413
=FMT  \\$a  BK
=LAS  \\$aW2308-1659$b00$c20230923$lBLL01$h0913
=SRC  \\$aBLL02

