=LDR  01617cam a2200493 a 4500
=001  013079989
=003  Uk
=005  20050518114222.0
=008  040706s2005\\\\njua\\\\\b\\\\001\0\eng\\
=010  \\$a2004015681  
=015  \\$aGBA502678$2bnb
=016  7\$a013079989$2Uk
=020  \\$a0471644463 (cased) :$c£50.50
=040  \\$aStDuBDS$beng$cUk$dUk
=042  \\$aukblsr
=050  00$aQA76.76.C66$bW36 2005
=082  00$a005.3$222
=100  1\$aWang, Andy Ju An.
=245  10$aComponent-oriented programming /$cAndy Ju An Wang, Kai Qian.
=260  \\$aHoboken, N.J. ;$a[Great Britain] :$bWiley-Interscience,$cc2005.
=300  \\$axi, 319 p. :$bill. ;$c27 cm.
=336  \\$atext$2rdacontent
=337  \\$aunmediated$2rdamedia
=338  \\$avolume$2rdacarrier
=500  \\$a"A Wiley-Interscience publication."
=500  \\$aFormerly CIP.$5Uk
=504  \\$aIncludes bibliographical references and index.
=650  \0$aComponent software.
=650  \0$aComputer programming.
=700  1\$aQian, Kai.
=852  11$aBritish Library$bSTI
=856  41$3Table of contents$uhttp://www.loc.gov/catdir/toc/ecip0420/2004015681.html
=CAT  \\$aBATCH$b00$c20050111$lBLL01$h1704
=CAT  \\$c20050111$lBLL01$h1705
=CAT  \\$c20050111$lBLL01$h1708
=CAT  \\$a12327$b40$c20050511$lBLL01$h1048
=CAT  \\$a9678$b40$c20050517$lBLL01$h1447
=CAT  \\$a11014$b40$c20050518$lBLL01$h1142
=CAT  \\$aWR16_021$c20160610$lBLL01$h2010
=CAT  \\$aW2308-1659$c20230923$lBLL01$h0914
=FIN  \\$aY$d20050518
=FMT  \\$a  BK
=LAS  \\$aW2308-1659$b00$c20230923$lBLL01$h0914
=SRC  \\$aBLL02

