=LDR  01583 am a22003978a 4500
=001  013081674
=003  Uk
=005  20050228141518.0
=008  040616s2004\\\\nyu\\\\\\\\\\\001\0\eng\\
=010  \\$a2004014095  
=020  \\$a1594541116 (hardcover)
=040  \\$aDLC$cDLC$dDLC
=042  \\$apcc
=050  00$aHV1570$b.W48 2004
=082  00$a362.3$222
=100  1\$aWhitehead, Tanya Dianne,$d1953-
=245  10$aExploring self-advocacy from a social power perspective /$cTanya D. Whitehead and Joseph B. Hughey.
=260  \\$aNew York :$bNova Science Publishers,$cc2004.
=263  \\$a0409
=300  \\$ap. cm.
=336  \\$atext$2rdacontent
=337  \\$aunmediated$2rdamedia
=338  \\$avolume$2rdacarrier
=500  \\$aIncludes index.
=505  0\$aAmy's story -- Social role and concerns of people with developmental disability -- Power and empowerment -- Power and developmental disabilities -- Overview of analyses and findings in power dynamics -- Findings on the dimensions of power -- Somewhat like a union -- Building an effective community organization -- The exercise of power.
=650  \0$aDevelopmentally disabled$xServices for.
=650  \0$aPower (Social sciences)
=700  1\$aHughey, Joseph$q(Joseph Bernard)
=852  41$aBritish Library$bDSC
=856  41$3Table of contents$uhttp://www.loc.gov/catdir/toc/ecip0418/2004014095.html
=985  \\$aProvisional Record
=CAT  \\$a4861$b40$c20050113$lBLL01$h1036
=CAT  \\$a9678$b40$c20050228$lBLL01$h1415
=FIN  \\$aY$d20050228
=FMT  \\$a  BK
=LAS  \\$a9678$b40$c20050228$lBLL01$h1415

