=LDR  01432cam a2200445   4500
=001  013086036
=003  Uk
=005  20060126174027.0
=008  040607s2005\\\\maua\\\j\\\\\\000\0\eng\\
=010  \\$a  2004013554
=015  \\$aGBA504841$2bnb
=016  7\$a013086036$2Uk
=020  \\$a1593372175 (pbk.) :$c£6.95
=040  \\$aStDuBDS
=042  \\$aukblsr
=050  00$aBF724.3.M64$bP68 2005
=082  00$a155.51$222
=100  1\$aPotts, Kimberly.
=245  10$aWhat's your mood? :$ba good day, bad day, in-between day book /$cKimberly Potts.
=260  \\$aAvon, Mass. :$bAdams Media,$c2005.
=300  \\$aviii, 168 p. :$bill. ;$c24 cm.
=336  \\$atext$2rdacontent
=337  \\$aunmediated$2rdamedia
=338  \\$avolume$2rdacarrier
=500  \\$aFormerly CIP.$5Uk
=650  \0$aMood (Psychology) in adolescence.
=852  41$aBritish Library$bHMNTS
=856  41$3Table of contents$uhttp://www.loc.gov/catdir/toc/ecip0419/2004013554.html
=BUF  \\$aN$d20060126
=CAT  \\$aBATCH$b00$c20050118$lBLL01$h1705
=CAT  \\$c20050118$lBLL01$h1706
=CAT  \\$c20050118$lBLL01$h1711
=CAT  \\$a12327$b40$c20050708$lBLL01$h1447
=CAT  \\$c20050913$lBLL01$h1705
=CAT  \\$aBATCH-BUOC$b00$c20060126$lBLL01$h1740
=CAT  \\$aWR16_021$c20160610$lBLL01$h2011
=CAT  \\$aW2308-1659$c20230923$lBLL01$h0915
=FIN  \\$aY$d20060126
=FMT  \\$a  BK
=LAS  \\$aW2308-1659$b00$c20230923$lBLL01$h0915

