=LDR  02346cam a2200577 a 4500
=001  013086562
=003  Uk
=005  20080117214710.0
=008  041213s2005\\\\enk\\\\f\\\\\\000\0\eng\\
=010  \\$a  2005004642
=015  \\$aGBA505367$2bnb
=016  7\$a013086562$2Uk
=020  \\$a1904838049 (hbk.) :$c£20.00
=040  \\$aStDuBDS$beng$cStDuBDS$dUk
=042  \\$aukblsr
=082  00$a658.11$222
=100  1\$aCampbell, Andrew,$d1950 August 3-
=245  14$aThe growth gamble :$bwhen leaders should bet big on new businesses and how to avoid expensive failures /$cAndrew Campbell and Robert Park.
=260  \\$aLondon :$bNicholas Brealey,$c2005.
=300  \\$axv, 321 p ;$c24 cm.
=336  \\$atext$2rdacontent
=337  \\$aunmediated$2rdamedia
=338  \\$avolume$2rdacarrier
=500  \\$aFormerly CIP.$5Uk
=504  \\$aIncludes bibliographical references and index.
=505  0\$aThe challenge of new businesses -- Beating the odds -- The difficulties of building new legs -- When low growth is better than gambling -- The new business traffic lights -- Diversification -- Searching for new businesses -- Is there a role for corporate venturing? -- Positioning and supporting a new business -- An age of realism.
=650  \0$aBusiness planning.
=650  \0$aConglomerate corporations$xManagement.
=650  \0$aConglomerate corporations$xPlanning.
=650  \0$aCorporate culture.
=650  \0$aCorporations$xGrowth.
=690  7\$aManagement and Business Studies$2blcoll
=700  1\$aPark, Robert.
=852  41$aBritish Library$bHMNTS
=856  41$3Table of contents$uhttp://www.loc.gov/catdir/toc/ecip058/2005004642.html
=985  \\$aRecord amended for WR# 13/070
=BUF  \\$aN$d20070301
=CAT  \\$aBATCH$b00$c20050118$lBLL01$h1705
=CAT  \\$c20050118$lBLL01$h1707
=CAT  \\$c20050118$lBLL01$h1712
=CAT  \\$a10876$b40$c20060124$lBLL01$h1139
=CAT  \\$a12179$b40$c20061031$lBLL01$h1521
=CAT  \\$a9678$b40$c20070301$lBLL01$h1139
=CAT  \\$aBATCH-BUOC$b00$c20080117$lBLL01$h2147
=CAT  \\$aWR13_070$b00$c20130504$lBLL01$h0237
=CAT  \\$aWR16_021$c20160611$lBLL01$h1939
=CAT  \\$aBATCH-MBS$c20160617$lBLL01$h2111
=CAT  \\$aW2308-1659$c20230923$lBLL01$h0915
=FIN  \\$aY$d20070301
=FMT  \\$a  BK
=LAS  \\$aW2308-1659$b00$c20230923$lBLL01$h0915

