=LDR  01495pam a22003734a 4500
=001  013096373
=003  Uk
=005  20050128143109.0
=008  040317s2005\\\\nyuab\\\\b\\\\001\0\eng\\
=010  \\$a2004006293  
=020  \\$a0321209486
=040  \\$aDLC$cDLC$dDLC
=042  \\$apcc
=050  00$aJZ1242$b.G65 2005
=082  00$a327$222
=100  1\$aGoldstein, Joshua S.,$d1952-
=245  10$aInternational relations /$cJoshua S. Goldstein.
=250  \\$a6th ed.
=260  \\$aNew York :$bPearson Longman,$cc2005.
=300  \\$axviii, 598 p. :$bcol. ill, col. maps ;$c26 cm.
=336  \\$atext$2rdacontent
=337  \\$aunmediated$2rdamedia
=338  \\$avolume$2rdacarrier
=504  \\$aIncludes bibliographical references and indexes.
=505  0\$aUnderstanding international relations -- Power politics -- Alternatives to power politics -- Foreign policy -- International conflict -- Military force -- International organization and law -- Trade -- Money and business -- Integration -- Environment and population -- The north-south gap -- International development -- Postscript.
=650  \0$aInternational relations.
=852  41$aBritish Library$bDSC
=856  41$3Table of contents$uhttp://www.loc.gov/catdir/toc/ecip0416/2004006293.html
=CAT  \\$a6741$b40$c20050128$lBLL01$h1431
=CAT  \\$aBATCH-UPD$b40$c20150610$lBLL01$h1721
=CAT  \\$aBATCH-UPD$b40$c20151114$lBLL01$h1733
=FMT  \\$a  BK
=LAS  \\$aBATCH-UPD$b40$c20151114$lBLL01$h1733
=SRC  \\$aBLL02

