=LDR  01543aam a2200457 a 4500
=001  013117484
=003  Uk
=005  20091120203000.0
=008  040113s2005\\\\maua\\\\\b\\\\001\0\eng\\
=010  \\$a2004000858  
=015  \\$aGBA515068$2bnb
=020  \\$a1405112557 (cased) :$cNo price
=035  \\$a(DNLM)101202992
=040  \\$aDNLM/DLC$cDLC$dDLC$dUk
=042  \\$aukblsr
=050  00$aRC636$b.M576 2004
=060  10$aWH 120$bM7187 2004
=082  00$a616.15$222
=245  00$aMolecular haematology /$cedited by Drew Provan, John G. Gribben.
=250  \\$a2nd ed.
=260  \\$aMalden, Mass. ;$aOxford :$bBlackwell Pub.,$cc2005.
=300  \\$axviii, 324 p., [10] p. of plates :$bill. (some col.) ;$c29 cm.
=336  \\$atext$2rdacontent
=337  \\$aunmediated$2rdamedia
=338  \\$avolume$2rdacarrier
=500  \\$aPrevious ed.: Oxford : Blackwell, 1999.
=504  \\$aIncludes bibliographical references and index.
=650  \0$aBlood$xDiseases$xMolecular aspects.
=700  1\$aProvan, Drew,$d1955-
=700  1\$aGribben, John.
=852  41$aBritish Library$bHMNTS
=852  11$aBritish Library$bSTI$k(B)$h616.15
=856  41$3Table of contents$uhttp://www.loc.gov/catdir/toc/ecip0413/2004000858.html
=CAT  \\$a10905$b40$c20050222$lBLL01$h1415
=CAT  \\$a10905$b40$c20050223$lBLL01$h0857
=CAT  \\$aBATCH$b00$c20050301$lBLL01$h1700
=CAT  \\$aBATCH-UPD$b00$c20091120$lBLL01$h2030
=FIN  \\$aY$d20050222
=FMT  \\$a  BK
=LAS  \\$aBATCH-UPD$b00$c20091120$lBLL01$h2030
=SID  \\$aZ39$bLOC

