=LDR  02869cam a2200697 a 4500
=001  013123098
=003  Uk
=005  20230930110411.0
=008  040809s2004\\\\caua\\\\\b\\\\000\0\eng\\
=010  \\$a2004018584  
=020  \\$a0833036688 (pbk. : alk. paper)
=040  \\$aUk$beng$cUk$dUk
=042  \\$aukblsr
=043  \\$an-us---
=050  00$aUB212$b.P49 2004
=082  00$a355.33041$222
=100  1\$aPerry, Walt L.
=245  10$aInformation sharing among military headquarters :$bthe effects on decisionmaking /$cWalter L. Perry, James Moffat.
=260  \\$aSanta Monica, Calif. :$bRAND,$c2004.
=300  \\$axxxv, 122 p. :$bill. ;$c23 cm.
=336  \\$atext$2rdacontent
=337  \\$aunmediated$2rdamedia
=338  \\$avolume$2rdacarrier
=500  \\$a"Prepared for the United Kingdom Ministry of Defense."
=500  \\$a"MG-226-UK"--P. [4] of cover.
=504  \\$aIncludes bibliographical references (p. 119-122)
=540  \\$aCurrent Copyright Fee: GBP7.80$c0$5Uk
=650  \0$aCommand and control systems$zUnited States.
=650  \0$aMilitary art and science$zUnited States$xDecision making.
=651  \0$aUnited States$xArmed Forces$xCommunication systems.
=651  \0$aUnited States$xArmed Forces$xHeadquarters.
=700  1\$aMoffat, James,$d1948-
=852  41$aBritish Library$bDSC
=856  41$3Table of contents$uhttp://www.loc.gov/catdir/toc/ecip0421/2004018584.html
=ACF  \\$aPrevious Copyright Fee: GBP7.40$c0$e01-apr-2022$fGBP7.40$g0$hC$5Uk
=ACF  \\$aPrevious Copyright Fee: GBP7.80$c0$e01-jul-2022$fGBP7.80$g0$hC$5Uk
=ACF  \\$aPrevious Copyright Fee: GBP8.20$c0$e01-oct-2022$fGBP8.20$g0$hC$5Uk
=ACF  \\$aPrevious Copyright Fee: GBP8.80$c0$e01-jan-2023$fGBP8.80$g0$hC$5Uk
=ACF  \\$aPrevious Copyright Fee: GBP8.20$c0$e01-apr-2023$fGBP8.20$g0$hC$5Uk
=CAT  \\$a6632$b40$c20050301$lBLL01$h1120
=CAT  \\$a6632$b40$c20050301$lBLL01$h1138
=CAT  \\$aBATCH-CLAB$c20220330$lBLL01$h1636
=CAT  \\$aIPL-CLA$c20220331$lBLL01$h2230
=CAT  \\$aBATCH-CLAB$c20220627$lBLL01$h2054
=CAT  \\$aIPL-CLA$c20220630$lBLL01$h1708
=CAT  \\$aBATCH-CLAB$c20220908$lBLL01$h1331
=CAT  \\$aIPL-CLA$c20220930$lBLL01$h1556
=CAT  \\$aBATCH-CLAB$c20221217$lBLL01$h1736
=CAT  \\$aIPL-CLA$c20221231$lBLL01$h2106
=CAT  \\$aBATCH-CLAB$c20230324$lBLL01$h1336
=CAT  \\$aIPL-CLA$c20230331$lBLL01$h1643
=CAT  \\$aBATCH-CLAB$c20230601$lBLL01$h1232
=CAT  \\$aIPL-CLA$c20230630$lBLL01$h1723
=CAT  \\$aBATCH-CLAB$c20230907$lBLL01$h1714
=CAT  \\$aIPL-CLA$c20230930$lBLL01$h1104
=CFI  0\$aCurrent Copyright Fee: GBP7.80$c0$e01-oct-2023$fGBP7.80$g0$hC$5Uk
=CFI  2\$aPrevious Copyright Fee: GBP8.00$c0$e01-jul-2023$fGBP8.00$g0$hC$5Uk
=FIN  \\$aY$d20050301
=FMT  \\$a  BK
=LAS  \\$aIPL-CLA$b00$c20230930$lBLL01$h1104
=SRC  \\$aBLL02

