=LDR  01708cam a2200493   4500
=001  013129661
=003  Uk
=005  20070301154315.0
=008  050126s2005\\\\ne\\\\\\\b\\\\001\0\eng\\
=010  \\$a2005002332
=015  \\$aGBA520477$2bnb
=016  7\$a013129661$2Uk
=020  \\$a0121674517 (pbk.) :$c£13.99
=040  \\$aStDuBDS$dUk
=042  \\$aukblsr
=050  00$aQA76.73.C154$bC45 2005
=082  00$a005.133$222
=100  1\$aChamplain, Michel de.
=245  10$aC# 2.0 :$bpractical guide for programmers /$cMichel de Champlain, Brian G. Patrick.
=246  30$aPractical guide for programmers
=260  \\$aAmsterdam ;$aLondon :$bElsevier,$c2005.
=300  \\$axix, 251 p. ;$c24 cm.
=336  \\$atext$2rdacontent
=337  \\$aunmediated$2rdamedia
=338  \\$avolume$2rdacarrier
=500  \\$aFormerly CIP.$5Uk
=504  \\$aIncludes bibliographical references (p. 243-244) and index.
=650  \0$aC♯ (Computer program language)
=700  1\$aPatrick, Brian G.
=852  41$aBritish Library$bHMNTS
=856  41$3Table of contents only$uhttp://www.loc.gov/catdir/toc/ecip057/2005002332.html
=856  42$3Publisher description$uhttp://www.loc.gov/catdir/enhancements/fy0621/2005002332-d.html
=CAT  \\$aBATCH$b00$c20050308$lBLL01$h1706
=CAT  \\$c20050308$lBLL01$h1708
=CAT  \\$c20050308$lBLL01$h1720
=CAT  \\$a12323$b40$c20060120$lBLL01$h1148
=CAT  \\$a10883$b40$c20070301$lBLL01$h1543
=CAT  \\$a12179$b40$c20090715$lBLL01$h0801
=CAT  \\$aWR16_021$c20160611$lBLL01$h1947
=CAT  \\$aW2308-1659$c20230923$lBLL01$h0917
=FIN  \\$aY$d20070301
=FMT  \\$a  BK
=LAS  \\$aW2308-1659$b00$c20230923$lBLL01$h0917
=SID  \\$aZ39$bLOC

