=LDR  01777cam a22004937a 4500
=001  013132151
=003  Uk
=005  20220331223107.0
=008  041004s2005\\\\txu\\\\\\b\\\\001\0\eng\\
=010  \\$a2004023413
=020  \\$a0306478404$c{dollar}159.00
=035  \\$a(DNLM)101231171
=040  \\$aDNLM/DLC$cDLC$dDLC$dCaONFJC
=042  \\$apcc
=050  00$aQP535.C2$bV655 2005
=060  10$aQH 603.I54$bV935 2005
=082  00$a611/.0181$222
=245  00$aVoltage-gated calcium channels /$c[edited by] Gerald W. Zamponi.
=260  \\$aGeorgetown, TX :$aNew York, NY :$bLandes Bioscience/Eurekah.com ; Kluwer Academic/Plenum Publishers,$bKluwer Academic/Plenum Publishers,$cc2005.
=300  \\$ap. ;$ccm.
=336  \\$atext$2rdacontent
=337  \\$aunmediated$2rdamedia
=338  \\$avolume$2rdacarrier
=490  1\$aMolecular biology intelligence unit
=504  \\$aIncludes bibliographical references and index.
=540  \\$aBritish Library not licensed to copy$c0$5Uk
=650  \0$aCalcium channels.
=650  12$aCalcium Channels.
=650  22$aAction Potentials.
=700  1\$aZamponi, Gerald W.
=830  \0$aMolecular biology intelligence unit (Unnumbered)
=852  41$aBritish Library$bDSC
=856  41$3Table of contents$uhttp://www.loc.gov/catdir/toc/ecip051/2004023413.html
=985  \\$aNLMCIP$d2004-10-06
=CAT  \\$aBATCH$b00$c20050310$lBLL01$h1111
=CAT  \\$c20050310$lBLL01$h1112
=CAT  \\$c20050310$lBLL01$h1113
=CAT  \\$a6605$b40$c20050311$lBLL01$h1343
=CAT  \\$aBATCH-CLAB$c20220330$lBLL01$h1830
=CAT  \\$aIPL-CLA$c20220331$lBLL01$h2231
=CFI  0\$aBritish Library not licensed to copy$c0$e01-apr-2022$hC$iCFP Excluded$5Uk
=FMT  \\$a  BK
=LAS  \\$aIPL-CLA$b00$c20220331$lBLL01$h2231
=SID  \\$aZ39$bLOC

