=LDR  01965pam a2200529 a 4500
=001  013147447
=003  Uk
=005  20050608171425.0
=008  040602s2005\\\\cauabc\\\b\\\\001\0\eng\\
=010  \\$a2004013037  
=015  \\$aGBA525527$2bnb
=016  7\$a013147447$2Uk
=020  \\$a0520243579 (cased) :$c£32.50
=040  \\$aStDuBDS$dUk
=042  \\$aukblsr
=050  00$aQL666.L247$bB43 2005
=082  00$a597.9595$222
=100  1\$aBeck, Daniel D.$q(Daniel David),$d1958-
=245  10$aBiology of gila monsters and beaded lizards /$cDaniel D. Beck ; with contributions from Brent E. Martin and Charles H. Lowe ; foreword by Harry Greene ; photographs by Thomas Wiewandt.
=260  \\$aBerkeley, Calif. ;$aLondon :$bUniversity of California Press,$cc2005.
=300  \\$axii, 211 p., [24] p. of plates :.$bill. (some col.), maps, ports (some col.) ;$c27 cm.
=336  \\$atext$2rdacontent
=337  \\$aunmediated$2rdamedia
=338  \\$avolume$2rdacarrier
=490  1\$aOrganisms and environments ;$v9
=500  \\$aFormerly CIP.$5Uk
=504  \\$aIncludes bibliographical references and index.
=650  \0$aHelodermatidae.
=700  1\$aMartin, Brent E.
=700  1\$aLowe, Charles H.
=830  \0$aOrganisms and environments ;$v9.
=852  11$aBritish Library$bSTI$k(B)$h597.9595
=852  41$aBritish Library$bDSC
=856  41$3Table of contents$uhttp://www.loc.gov/catdir/toc/ecip0418/2004013037.html
=CAT  \\$aBATCH$b00$c20050322$lBLL01$h1706
=CAT  \\$c20050322$lBLL01$h1709
=CAT  \\$c20050322$lBLL01$h1725
=CAT  \\$a12179$b40$c20050608$lBLL01$h1302
=CAT  \\$a12179$b40$c20050608$lBLL01$h1303
=CAT  \\$a7416$b40$c20050608$lBLL01$h1714
=CAT  \\$aBATCH$b00$c20091217$lBLL01$h0346
=CAT  \\$aWR16_021$c20160611$lBLL01$h1950
=CAT  \\$aBATCH-UPD$b00$c20160611$lBLL01$h2124
=FIN  \\$aY$d20050608
=FMT  \\$a  BK
=LAS  \\$aBATCH-UPD$b00$c20160611$lBLL01$h2124
=SRC  \\$aBLL02

