=LDR  01856 am a2200505 a 4500
=001  013198977
=003  Uk
=005  20050622083043.0
=008  010815s2002\\\\nyu\\\\\\b\\\\001\0\eng\\
=010  \\$a  2001038782
=020  \\$a0820457515 (pbk. : alk. paper)
=040  \\$aDLC$cDLC$dDLC
=043  \\$an-us---
=050  00$aPS3515.U789$bZ7855 2003
=082  00$a813/.52$221
=100  1\$aMiles, Diana,$d1957-
=245  10$aWomen, violence & testimony in the works of Zora Neale Hurston /$cDiana Miles.
=260  \\$aNew York :$bP. Lang,$cC2003.
=300  \\$ax, 124 p. ;$c23 cm.
=336  \\$atext$2rdacontent
=337  \\$aunmediated$2rdamedia
=338  \\$avolume$2rdacarrier
=490  1\$aAfrican-American literature and culture ;$vv. 3
=504  \\$aIncludes bibliographical references (P. [111]-117) and index.
=600  10$aHurston, Zora Neale$xCharacters$xWomen.
=650  \0$aFeminism and literature$zUnited States$xHistory$y20th century.
=650  \0$aWomen and literature$zUnited States$xHistory$y20th century.
=650  \0$aFeminist fiction, American$xHistory and criticism.
=650  \0$aAfrican American women in literature.
=650  \0$aPsychic trauma in literature.
=650  \0$aWitnesses in literature.
=650  \0$aViolence in literature.
=650  \0$aWomen in literature.
=830  \0$aAfrican-American literature and culture ;$vv. 3.
=852  41$aBritish Library$bDSC
=856  41$3Table of contents$uhttp://www.loc.gov/catdir/toc/fy034/2001038782.html
=985  \\$aProvisional Record
=CAT  \\$a7203$b40$c20050517$lBLL01$h0935
=CAT  \\$a6098$b40$c20050622$lBLL01$h0830
=CAT  \\$aBATCH$b00$c20091217$lBLL01$h0351
=CAT  \\$aBATCH-UPD$b00$c20150329$lBLL01$h2131
=FIN  \\$aY$d20050622
=FMT  \\$a  BK
=LAS  \\$aBATCH-UPD$b00$c20150329$lBLL01$h2131
=SRC  \\$aBLL02$bpart.2.ai

