=LDR  02202 am a2200625 a 4500
=001  013200506
=003  Uk
=005  20060112172342.0
=008  050414s2005\\\\nhuab\\\\b\\\\001\0deng\\
=010  \\$a  2005009924
=015  \\$aGBA542361$2bnb
=016  7\$a013200506$2Uk
=020  \\$a9781584654810 (hbk.) :$c£29.95
=020  \\$a1584654813 (hbk.) :$c£29.95
=040  \\$aStDuBDS$beng$cStDuBDS$dUk
=042  \\$aukblsr
=043  \\$an-us-me
=050  00$aF29.P7$bR49 2005
=082  00$a974.182$222
=100  1\$aRichards, David,$d1962-
=245  10$aPoland Spring :$ba tale of the Gilded Age, 1860-1900 /$cDavid L. Richards.
=260  \\$aHanover, N.H. ;$aLondon$bUniversity Press of New England ;$c2005.
=300  \\$ax, 313 p. :$bill., map ;$c24 cm.
=336  \\$atext$2rdacontent
=337  \\$aunmediated$2rdamedia
=338  \\$avolume$2rdacarrier
=490  1\$aRevisiting New England
=500  \\$aFormerly CIP.$5Uk
=504  \\$aIncludes bibliographical references (p. [289]-303) and index.
=600  30$aRicker family.
=610  20$aHiram Ricker & Sons.
=650  \0$aSprings$zMaine$zPoland Spring$xHistory.
=650  \0$aResorts$zMaine$zPoland Spring$xHistory.
=650  \0$aBusinessmen$zMaine$zPoland Spring$vBiography.
=651  \0$aPoland Spring (Me.)$xHistory.
=651  \0$aPoland Spring (Me.)$xSocial life and customs.
=651  \0$aPoland Spring (Me.)$xEconomic conditions.
=651  \0$aPoland Spring (Me.)$vBiography.
=830  \0$aRevisiting New England.
=852  \\$aBritish Library$bDSC
=856  41$3Table of contents$uhttp://www.loc.gov/catdir/toc/ecip0511/2005009924.html
=BUF  \\$aN$d20051018
=CAT  \\$aBATCH$b00$c20050517$lBLL01$h1709
=CAT  \\$c20050517$lBLL01$h1727
=CAT  \\$c20050902$lBLL01$h1533
=CAT  \\$c20050902$lBLL01$h1535
=CAT  \\$a6160$b40$c20051018$lBLL01$h1536
=CAT  \\$aBATCH-BUOC$b00$c20060112$lBLL01$h1723
=CAT  \\$c20060124$lBLL01$h1700
=CAT  \\$aBATCH$b00$c20091217$lBLL01$h0351
=CAT  \\$aWR16_021$c20160611$lBLL01$h1959
=CAT  \\$aBATCH-UPD$b00$c20160611$lBLL01$h2242
=FIN  \\$aY$d20051018
=FMT  \\$a  BK
=LAS  \\$aBATCH-UPD$b00$c20160611$lBLL01$h2242

