=LDR  01125 am a22003617a 4500
=001  013201422
=003  Uk
=005  20050518133710.0
=008  050128s2005\\\\inu\\\\\\b\\\\001\0\eng\\
=010  \\$a2005002765
=016  7\$a013201422$2Uk
=020  \\$a0764569015
=020  \\$a0764569015 (paper/website : alk. paper)
=040  \\$aUk$beng$cUk
=042  \\$apcc
=050  00$aQA76.73.S67$bS674 2005
=082  00$a005.13/3$222
=245  00$aSQL functions programmer's reference /$cArie Jones ... [et al.].
=260  \\$aIndianapolis, IN :$bWiley Pub.,$c2005.
=300  \\$ap. cm.
=336  \\$atext$2rdacontent
=337  \\$aunmediated$2rdamedia
=338  \\$avolume$2rdacarrier
=504  \\$aIncludes bibliographical references and index.
=650  \0$aSQL (Computer program language)
=700  1\$aJones, Arie.
=852  \\$aBritish Library$bSTI
=856  41$3Table of contents$uhttp://www.loc.gov/catdir/toc/ecip057/2005002765.html
=CAT  \\$a9657$b40$c20050518$lBLL01$h1337
=CAT  \\$aWR16_021$c20160611$lBLL01$h1959
=FMT  \\$a  BK
=LAS  \\$aWR16_021$b00$c20160611$lBLL01$h1959
=SID  \\$aZ39$bLOC

