=LDR  01716 am a22004694a 4500
=001  013213849
=003  Uk
=005  20050606141134.0
=008  030314s2003\\\\mdua\\\\\b\\\\001\0\eng\\
=010  \\$a2003006212  
=020  \\$a080187436X (hardcover)
=020  \\$a0801874378 (pbk)
=040  \\$aDLC$cDLC$dDLC
=042  \\$apcc
=043  \\$ae------
=050  00$aJN12$b.E868 2003
=082  00$a306.2/094$221
=245  00$aEUrope without borders :$bremapping territory, citizenship, and identity in a transnational age /$cedited by Mabel Berezin and Martin A. Schain.
=260  \\$aBaltimore :$bJohns Hopkins University Press,$c2003.
=300  \\$axii, 319 p. :$bill. ;$c24 cm.
=336  \\$atext$2rdacontent
=337  \\$aunmediated$2rdamedia
=338  \\$avolume$2rdacarrier
=504  \\$aIncludes bibliographical references (p. 275-301) and index.
=650  \0$aHuman geography$zEurope.
=650  \0$aPolitical culture$zEurope.
=650  \0$aPolitical geography.
=650  \0$aCitizenship$zEurope.
=650  \0$aGroup identity$zEurope.
=650  \0$aEuropean federation.
=651  \0$aEurope$xPolitics and government$y1989-
=651  \0$aEurope$xSocial conditions.
=700  1\$aBerezin, Mabel.
=700  1\$aSchain, Martin,$d1940-
=852  41$aBritish Library$bDSC
=856  42$3Contributor biographical information$uhttp://www.loc.gov/catdir/bios/jhu051/2003006212.html
=856  42$3Publisher description$uhttp://www.loc.gov/catdir/description/jhu051/2003006212.html
=856  41$3Table of contents$uhttp://www.loc.gov/catdir/toc/ecip041/2003006212.html
=CAT  \\$a7203$b40$c20050606$lBLL01$h1411
=FMT  \\$a  BK
=LAS  \\$a7203$b40$c20050606$lBLL01$h1411
=SRC  \\$aBLL02

