=LDR  03954 am a2200445 a 4500
=001  013226947
=003  Uk
=005  20050623080133.0
=008  020531s2001\\\\ja\a\\\\\b\\\\100\0\eng\\
=010  \\$a  2002400533
=020  \\$a9283322908
=040  \\$aDLC$cDLC$dDLC
=043  \\$aa------$ap------
=050  00$aHD38.5$b.T667 2000
=111  2\$aTop Forum on Enhancing Competitiveness through Green Productivity$d(2000 :$cTaipei, Taiwan)
=245  10$aGreening supply chain :$benhancing competitiveness through green productivity.
=246  1\$iAt head of title:$aGreen productivity
=260  \\$aTokyo :$bAsian Productivity Organization,$c2001.
=300  \\$a220 p. :$bill. ;$c26 cm.
=336  \\$atext$2rdacontent
=337  \\$aunmediated$2rdamedia
=338  \\$avolume$2rdacarrier
=500  \\$a"Report of the Top Forum on Enhancing Competitiveness through Green Productivity held in the Republic of China, 25-27 May, 2000"--T.p. verso.
=504  \\$aIncludes bibliographical references.
=505  8\$aMachine generated contents note: Part I Integrated SummaryScan Gilbert 1 -- Part II Resource Papers -- 1. Green Productivity: The New Frontier -- of Sustainable DevelopmentLung-Sheng Chang 7 -- 2. The Eco-Economy: Enhancing Productivity -- and Environmental PerformanceWilliam Shireman 15 -- 3. Green Productivity and Supply Chain Management Tay Joo Hwa 23 -- 4. Linking Green Productivity, Green Purchasing, -- and Quality Management SystemsLynn E. Johannson 29 -- 5. Towards Greener Government Procurement: -- An Environment Cgnada Case StudyLoretta Legault 46 -- 6. Eco-Efficiency and an Overview -- of Green PurchasingNiven Huang 66 -- 7. Eco-Design Towards Green ProductivityTakeo Takagi 79 -- 8. Enhancing the Competitive Edge Through Cooperation -- Between Large Firms and SMEs: the Center Satellite -- Factory System in the ROCC.H. Su 90 -- 9. The Use of Corporate Synergy Systems in Promoting -- Industrial Waste Minimization in Small and -- Medium Enterprises in TaiwanShen-Yann Chiu 105 -- 10. The Management and Environmental Protection -- of the Paper Industry in -- the Republic of ChinaDeng-Ming Lee and Kwang-I Hu 116 -- 11. Eco-Design and Eco-Efficiency in EverLight Chemical Jason Chu 134 -- 12. Acer Environmental ReportGrace Liu 142 -- 13. Environmental Policy and Sustainable Development -- at Corporate Level Kuo-Chung Liu 154 -- 14. Greening the Market: the Effort by Fuji Xerox -- and the Green Purchasing Network, JapanHiroaki Koshibu 167 -- 15. The Green Consumption Movement: the Roles -- of Government, Academia, NGOs, and ConsumersNing Yu 178 -- 16. An Overview of the Industrial Waste Minimization: -- Corporate Synergy System in -- the Republic of ChinaChen Wen-Huei and Tang Yi-Hua 185 -- 17. Strategies and Mechanisms for Green Productivity in the APO -- Member Countries in the Asia-Pacific RegionAugustine Koh 196 -- Part III Appendices -- 1. Opening RemarksYuji Yamada 203 -- 2. Opening RemarksKuei-Jung Huang 205 -- 3. Opening Remarks Chieh-Kwei Hsu 207 -- 4. List of Participants/Resource Persons/Staff of Organizers209 -- 5. Program and Schedule219.
=650  \0$aBusiness logistics$zAsia$vCongresses.
=650  \0$aBusiness logistics$zPacific Area$vCongresses.
=650  \0$aGreen products$xPurchasing$zAsia$vCongresses.
=650  \0$aGreen products$xPurchasing$zPacific Area$vCongresses.
=650  \0$aManufacturing industries$xEnvironmental aspects$zAsia$vCongresses.
=650  \0$aManufacturing industries$xEnvironmental aspects$zPacific Area$vCongresses.
=650  \0$aSustainable development$zAsia$vCongresses.
=650  \0$aSustainable development$zPacific Area$vCongresses.
=710  2\$aAsian Productivity Organization.
=852  41$aBritish Library$bDSC
=856  41$3Table of contents$uhttp://www.loc.gov/catdir/toc/fy022/2002400533.html
=CAT  \\$a4861$b40$c20050623$lBLL01$h0801
=FMT  \\$a  BK
=LAS  \\$a4861$b40$c20050623$lBLL01$h0801
=SRC  \\$aBLL02$bpart.2.ai

