=LDR  01842pam a2200505 a 4500
=001  013251263
=003  Uk
=005  20070301104450.0
=008  050928s2005\\\\nyua\\\\\\\\\\000\1\eng\\
=010  \\$a2005281601
=015  \\$aGBA559443$2bnb
=016  7\$a013251263$2Uk
=020  \\$a1857155157 (hbk.) :$c£10.99
=020  \\$a140004426X (US)
=040  \\$aStDuBDS$dUk
=042  \\$aukblsr
=050  00$aMLCS 2006/42734 (P)
=082  04$a813.52$222
=100  1\$aRichter, Conrad,$d1890-1968.
=245  14$aThe light in the forest /$cConrad Richter ; with illustrations by Warren Chappell.
=260  \\$aLondon :$bEveryman's Library,$c2005.
=300  \\$a162 p. :$bill. ;$c22 cm.
=336  \\$atext$2rdacontent
=337  \\$aunmediated$2rdamedia
=338  \\$avolume$2rdacarrier
=490  0\$aEveryman's library children's classics.
=500  \\$aFormerly CIP.$5Uk
=650  \0$aIndian captivities$vJuvenile fiction.
=650  \0$aIdentity (Psychology)$vJuvenile fiction.
=651  \0$aPennsylvania$xHistory$yColonial period, ca. 1600-1775$vJuvenile fiction.
=655  \0$aChildren's stories.
=852  41$aBritish Library$bHMNTS
=856  42$3Contributor biographical information$uhttp://www.loc.gov/catdir/enhancements/fy0702/2005281601-b.html
=856  42$3Publisher description$uhttp://www.loc.gov/catdir/enhancements/fy0702/2005281601-d.html
=856  41$3Sample text$uhttp://www.loc.gov/catdir/enhancements/fy0702/2005281601-s.html
=CAT  \\$aBATCH$b00$c20050712$lBLL01$h1702
=CAT  \\$c20050712$lBLL01$h1704
=CAT  \\$c20050712$lBLL01$h1718
=CAT  \\$a12324$b40$c20060120$lBLL01$h0854
=CAT  \\$a6605$b40$c20070301$lBLL01$h1044
=CAT  \\$aWR16_021$c20160611$lBLL01$h2009
=FIN  \\$aY$d20070301
=FMT  \\$a  BK
=LAS  \\$aWR16_021$b00$c20160611$lBLL01$h2009
=SID  \\$aZ39$bLOC

