=LDR  01193 am a2200373 a 4500
=001  013271957
=003  Uk
=005  20050811163931.0
=008  970627s1997\\\\cau\\\\\\\\\\\001\0\eng\d
=010  \\$a   97073094 
=020  \\$a1573210129
=035  \\$a(OCoLC)38988564
=040  \\$aFCoaB$cFCoaB$dOOxM$dDLC
=042  \\$alccopycat
=050  04$aHD62.15$b.H856 1997
=082  00$a658.4/013$221
=100  1\$aHuffman, Jack L.
=245  10$aBeyond TQM :$btools & techniques for high performance improvement /$cby Jack L. Huffman.
=246  3\$aBeyond total quality management
=260  \\$aSunnyvale, CA :$bLanchester Press,$c1997.
=300  \\$axv, 267 p. :$bill. ;$c24 cm.
=336  \\$atext$2rdacontent
=337  \\$aunmediated$2rdamedia
=338  \\$avolume$2rdacarrier
=500  \\$aIncludes index.
=650  \0$aTotal quality management.
=650  \0$aTeams in the workplace.
=852  41$aBritish Library$bDSC
=856  4\$3Table of contents$uhttp://lcweb.loc.gov/catdir/toc/97-73094.html
=CAT  \\$a4861$b40$c20050811$lBLL01$h1639
=CAT  \\$aWR11_122$c20120103$lBLL01$h1726
=FMT  \\$a  BK
=LAS  \\$aWR11_122$b00$c20120103$lBLL01$h1726
=SRC  \\$aBLL02$bpart.2.au

