=LDR  01517pam a2200445 a 4500
=001  013274665
=003  Uk
=005  20070301090649.0
=008  050419s2005\\\\enka\\\\\\\\\\001\0\eng\c
=010  \\$a  2005926142
=015  \\$aGBA569330$2bnb
=016  7\$a013274665$2Uk
=020  \\$a1844251209 (cased) :$c£19.99
=035  \\$a(OCoLC)ocm61302695
=040  \\$aStDuBDS$dUk
=042  \\$aukblsr
=050  00$aGV1029.15$b.H55 2005
=082  04$a796.7209$222
=100  1\$aHilton, Christopher,$d1944-2010.
=245  10$aGrand Prix century :$bthe first 100 years of the world's most glamorous and dangerous sport /$cChristopher Hilton.
=260  \\$aSparkford :$bHaynes,$c2005.
=300  \\$a496 p. :$bill. (some col.) ;$c24 cm.
=336  \\$atext$2rdacontent
=337  \\$aunmediated$2rdamedia
=338  \\$avolume$2rdacarrier
=500  \\$aFormerly CIP.$5Uk
=504  \\$aIncludes bibliographical references (p. [467]-471) and Index.
=650  \0$aGrand Prix racing$xHistory.
=852  41$aBritish Library$bHMNTS
=856  42$3Publisher description$uhttp://www.loc.gov/catdir/enhancements/fy0664/2005926142-d.html
=CAT  \\$aBATCH-CIP$b00$c20050816$lBLL01$h1701
=CAT  \\$c20050816$lBLL01$h1703
=CAT  \\$c20050816$lBLL01$h1718
=CAT  \\$a11168$b40$c20060119$lBLL01$h0909
=CAT  \\$a10883$b40$c20070301$lBLL01$h0906
=CAT  \\$aBATCH-UPD$b40$c20171202$lBLL01$h1722
=FIN  \\$aY$d20070301
=FMT  \\$a  BK
=LAS  \\$aBATCH-UPD$b40$c20171202$lBLL01$h1722
=SRC  \\$aBLL02

