=LDR  01391 am a2200397 a 4500
=001  013284744
=003  Uk
=005  20060602172712.0
=008  051207s2005\\\\nz\\\\\\\b\\\\001\0deng\\
=010  \\$a2005472962
=020  \\$a0864735162 (pbk.)
=040  \\$aANL$beng$cDLC$dDLC$dUk
=042  \\$aukblsr
=043  \\$au-nz---
=050  00$aPR9639.3.M24$bZ75 2005
=082  04$aNZ823.2$222
=245  00$aMarvellous codes :$bthe fiction of Margaret Mahy /$cedited by Elizabeth Hale and Sarah Fiona Winters.
=260  \\$aWellington, N.Z. :$bVictoria University Press,$c2005.
=300  \\$a264 p. ;$c21 cm.
=336  \\$atext$2rdacontent
=337  \\$aunmediated$2rdamedia
=338  \\$avolume$2rdacarrier
=504  \\$aIncludes bibliographical references and index.
=600  10$aMahy, Margaret$xCriticism and interpretation.
=650  \0$aChildren's stories, New Zealand$xHistory and criticism.
=650  \0$aYoung adult fiction, New Zealand$xHistory and criticism.
=700  1\$aHale, Elizabeth,$d1970-
=700  1\$aWinters, Sarah Fiona.
=852  41$aBritish Library$bOC
=856  42$3Publisher description$uhttp://www.loc.gov/catdir/enhancements/fy0628/2005472962-d.html
=CAT  \\$a12320$b40$c20050901$lBLL01$h1039
=CAT  \\$a6470$b40$c20060602$lBLL01$h1727
=FIN  \\$aY$d20060602
=FMT  \\$a  BK
=LAS  \\$a6470$b40$c20060602$lBLL01$h1727
=SID  \\$aZ39$bLOC

