=LDR  01796 am a2200469 a 4500
=001  013309392
=003  Uk
=005  20151021085416.0
=008  040511s2005\\\\nyu\\\\\\b\\\\001\0\eng\\
=010  \\$a  2004049020
=020  \\$a0312203268
=040  \\$aDLC$cDLC$dDLC
=041  1\$aeng$hfre
=042  \\$apcc
=050  00$aB2430.F723$bH4713 2005
=082  00$a194$222
=100  1\$aFoucault, Michel,$d1926-1984.
=240  10$aHerméneutique du sujet.$lEnglish
=245  14$aThe hermeneutics of the subject :$blectures at the Collège de France, 1981-1982 /$cMichel Foucault ; edited by Frédéric Gros ; general editors, François Ewald and Alessandro Fontana ; translated by Graham Burchell.
=260  \\$aNew York :$bPalgrave-Macmillan,$c2005.
=300  \\$axli, 566 p. ;$c22 cm.
=336  \\$atext$2rdacontent
=337  \\$aunmediated$2rdamedia
=338  \\$avolume$2rdacarrier
=504  \\$aIncludes bibliographical references (p. 547-550) and indexes.
=650  \0$aSelf (Philosophy)$xHistory.
=650  \0$aPhilosophy, Ancient.
=700  1\$aGros, Frédéric.
=700  1\$aEwald, François.
=700  1\$aFontana, Alessandro,$d1939-2013.
=852  41$aBritish Library$bDSC
=856  42$3Contributor biographical information$uhttp://www.loc.gov/catdir/bios/hol059/2004049020.html
=856  42$3Publisher description$uhttp://www.loc.gov/catdir/description/hol053/2004049020.html
=CAT  \\$a4861$b40$c20051010$lBLL01$h1622
=CAT  \\$aBATCH-UPD$b40$c20060805$lBLL01$h1950
=CAT  \\$aBATCH-UPD$b40$c20080825$lBLL01$h2057
=CAT  \\$aBATCH-UPD$b40$c20131218$lBLL01$h2033
=CAT  \\$aBATCH-UPD$b40$c20150802$lBLL01$h2113
=CAT  \\$a8962$b40$c20151021$lBLL01$h0854
=FMT  \\$a  BK
=LAS  \\$a8962$b40$c20151021$lBLL01$h0854
=SRC  \\$aBLL02

