=LDR  01975aam a2200517 a 4500
=001  013337691
=003  Uk
=005  20080110132356.0
=008  051006s2007\\\\nyu\\\\\\\\\\\000\0\eng\\
=015  \\$aGBA596920$2bnb
=016  7\$a013337691$2Uk
=020  \\$a9780471739289 (pbk.) :$c£52.50
=020  \\$a0471739286 (pbk.) :$c£52.50
=040  \\$aStDuBDS$beng$cStDuBDS$dUk
=042  \\$aukblsr
=082  04$a657.83500973$222
=245  00$aFederal accounting handbook :$bpolicies, standards, procedures, practices.$cCornelius E. Tierney ... [et al.].
=250  \\$a2nd ed.
=260  \\$aHoboken, N.J. ;$aChichester :$bWiley,$cc2007.
=300  \\$axxiii, 376 p. :$bill. ;$c24 cm.
=336  \\$atext$2rdacontent
=337  \\$aunmediated$2rdamedia
=338  \\$avolume$2rdacarrier
=500  \\$aRev. ed. of: Federal accounting handbook / Cornelius E. Tierney. c2000.
=500  \\$aFormerly CIP.$5Uk
=504  \\$aIncludes bibliographical references and index.
=650  \0$aFinance, Public$zUnited States$xAccounting.
=650  \0$aFinance, Public$xAccounting$xStandards$zUnited States.
=690  7\$aManagement and Business Studies$2blcoll
=700  1\$aTierney, Cornelius E.
=700  1\$aTierney, Cornelius E.$tFederal accounting handbook.
=852  41$aBritish Library$bHMNTS
=856  41$3Table of contents only$uhttp://www.loc.gov/catdir/toc/ecip0613/2006014050.html
=856  42$3Publisher description$uhttp://www.loc.gov/catdir/enhancements/fy0645/2006014050-d.html
=985  \\$aDQ manual upgrade 20080110
=BUF  \\$aR$d20070226
=CAT  \\$aBATCH-CIP$b00$c20051115$lBLL01$h1701
=CAT  \\$c20051115$lBLL01$h1703
=CAT  \\$c20051115$lBLL01$h1718
=CAT  \\$a11168$b40$c20070226$lBLL01$h1442
=CAT  \\$a11251$b40$c20080110$lBLL01$h1323
=CAT  \\$aWR16_021$c20160612$lBLL01$h1946
=CAT  \\$aBATCH-MBS$c20160617$lBLL01$h2111
=FIN  \\$aY$d20070226
=FMT  \\$a  BK
=LAS  \\$aBATCH-MBS$b00$c20160617$lBLL01$h2111

