=LDR  02561 am a2200565 a 4500
=001  013341540
=003  Uk
=005  20051122084731.0
=008  970606s1997\\\\onc\\\\\\\\\\f000\0\eng\d
=010  \\$a  2003427052
=020  \\$a088936835X
=035  \\$a(OCoLC)ocm37985667
=040  \\$aCaOODP$beng$cDLC$dNLC$dOCL$dEL$dDLC{dollar}
=050  00$aHC79.I55$bD48 1997
=055  \3$aHC79 I55$bD48 1997
=055  03$aCOP.CA.2.1997-2119
=082  00$a384$221
=245  00$aDevelopment and the information age :$bfour global scenarios for the future of information and communication technology /$cedited by John Howkins & Robert Valantin for the International Development Research Centre and the United Nations Commission on Science and Technology for Development.
=260  \\$aOttawa :$bThe Centre,$cc1997.
=300  \\$axiii, 59 p. ;$c21 cm.
=336  \\$atext$2rdacontent
=337  \\$aunmediated$2rdamedia
=338  \\$avolume$2rdacarrier
=500  \\$aIssued also in French under title: Le développement à l'âge de l'information.
=650  \0$aInformation technology$xEconomic aspects$xForecasting$vCongresses.
=650  \0$aTelecommunication$vCongresses.
=650  \0$aInformation technology$vCongresses.
=650  \0$aTelecommunication$xForecasting$vCongresses.
=650  \0$aTechnology transfer$zDeveloping countries$vCongresses.
=650  \6$aTélécommunications$xCongrès.
=650  \6$aTechnologie de l'information$xCongrès.
=650  \6$aTélécommunications$xPrévision$xCongrès.
=650  \6$aTechnologie de l'information$xPrévision$xCongrès.
=650  \6$aTechnologie, Transfert de la$zPays en voie de développement$xCongrès.
=650  \4$aInformación$xTecnología$xCongresos
=650  \4$aTelecomunicación$xPronósticos$xCongresos
=650  \4$aInformación$xTecnología$xPronósticos$xCongresos
=651  \4$aPaíses subdesarrollados$xTransferencia de tecnología$xCongresos
=700  1\$aHowkins, John,$d1945-
=700  1\$aValantin, Robert L.$q(Robert Lyon),$d1950-
=710  2\$aInternational Development Research Centre (Canada)
=710  2\$aUnited Nations Commission on Science and Technology for Development.
=852  41$aBritish Library$bDSC
=856  41$3Table of contents$uhttp://www.loc.gov/catdir/toc/fy036/2003427052.html
=CAT  \\$a8157$b40$c20051122$lBLL01$h0847
=CAT  \\$aBATCH-UPD$b40$c20160605$lBLL01$h0002
=CAT  \\$aW1707-0052$c20170703$lBLL01$h1845
=FMT  \\$a  BK
=LAS  \\$aW1707-0052$b00$c20170703$lBLL01$h1845
=SRC  \\$aBLL02$bpart.2.aj

