=LDR  01500aam a2200445 a 4500
=001  013342133
=003  Uk
=005  20060601162138.0
=008  050621s2005\\\\dcu\\\\\\b\\\\000\0\eng\\
=010  \\$a2005017995
=020  \\$a9780875904214
=020  \\$a0875904211
=040  \\$aUk$beng$cUk
=042  \\$aukblsr
=050  00$aQB464.15$b.P369 2005
=082  00$a523.01973$222
=245  00$aParticle acceleration in astrophysical plasmas :$bgeospace and beyond /$cDennis Gallagher ... [et al.], editors.
=260  \\$aWashington, DC :$bAmerican Geophysical Union,$cc2005.
=300  \\$avii, 278 p. cm.
=336  \\$atext$2rdacontent
=337  \\$aunmediated$2rdamedia
=338  \\$avolume$2rdacarrier
=490  1\$aGeophysical monograph,$x0065-8448 ;$v156
=504  \\$aIncludes bibliographical references.
=650  \0$aParticle acceleration.
=650  \0$aPlasma astrophysics.
=650  \0$aSpace plasmas.
=700  1\$aGallagher, Dennis L.
=830  \0$aGeophysical monograph,$x0065-8448 ;$v156
=852  11$aBritish Library$bSTI$k(B)$h523.01973$ino. 156
=852  \\$aBritish Library$bSTI
=856  41$3Table of contents$uhttp://www.loc.gov/catdir/toc/ecip0514/2005017995.html
=CAT  \\$a7233$b40$c20051122$lBLL01$h1509
=CAT  \\$a6933$b40$c20060601$lBLL01$h1621
=CAT  \\$aBATCH$b00$c20091217$lBLL01$h0406
=CAT  \\$aBATCH$b00$c20100103$lBLL01$h1200
=FIN  \\$aY$d20051122
=FMT  \\$a  BK
=LAS  \\$aBATCH$b00$c20100103$lBLL01$h1200
=SID  \\$aZ39$bLOC

