=LDR  01813cam a2200493 a 4500
=001  013344905
=003  Uk
=005  20070117161035.0
=008  981119s1999\\\\nyu\\\\\\\\\\\000\0aeng\\
=010  \\$a98054109
=020  \\$a0375406204
=040  \\$aDLC$cDLC$dDLC$dUk
=042  \\$aukblsr
=043  \\$an-us-ny$an-us-sc
=050  00$aF128.68.H3$bB39 1999
=082  00$a974.7104092$221
=100  10$aBaxter, Freddie Mae.
=245  14$aThe seventh child :$ba lucky life /$cFreddie Mae Baxter ; edited by Gloria Bley Miller.
=250  \\$a1st ed.
=260  \\$aNew York :$bA.A. Knopf,$c1999.
=300  \\$ax, 223 p. ;$c22 cm.
=336  \\$atext$2rdacontent
=337  \\$aunmediated$2rdamedia
=338  \\$avolume$2rdacarrier
=600  10$aBaxter, Freddie Mae.
=650  \0$aAfrican American women$zNew York (State)$zNew York$xBiography.
=650  \0$aAfrican Americans$zNew York (State)$zNew York$xBiography.
=650  \0$aAfrican American women$zSouth Carolina$zDenmark$xBiography.
=651  \0$aHarlem (New York, N.Y.)$xBiography.
=651  \0$aDenmark (S.C.)$xBiography.
=700  1\$aMiller, Gloria Bley.
=852  41$aBritish Library$bHMNTS
=856  42$3Contributor biographical information$uhttp://www.loc.gov/catdir/bios/random059/98054109.html
=856  41$3Sample text$uhttp://www.loc.gov/catdir/samples/random042/98054109.html
=856  42$3Publisher description$uhttp://www.loc.gov/catdir/description/random046/98054109.html
=CAT  \\$a5703$b40$c20051124$lBLL01$h1048
=CAT  \\$a6296$b40$c20060124$lBLL01$h1120
=CAT  \\$a9523$b40$c20060216$lBLL01$h0854
=CAT  \\$aJESUITfix$c20070117$lBLL01$h1610
=CAT  \\$aBATCH-UPD$b00$c20211201$lBLL01$h1838
=FIN  \\$aY$d20060216
=FMT  \\$a  BK
=LAS  \\$aBATCH-UPD$b00$c20211201$lBLL01$h1838
=SRC  \\$aBLL02

