=LDR  01281 am a2200409 a 4500
=001  013351960
=003  Uk
=005  20051202153134.0
=008  030102s2003\\\\txua\\\\\\\\\\000\0\eng\\
=010  \\$a2003041511
=020  \\$a0933071353
=040  \\$aDLC$cDLC$dDLC
=042  \\$apcc
=043  \\$aa------$af------
=050  00$aHV6431$b.H694 2003
=082  00$a303.6/25/0882971$221
=100  1\$aHowell, R. Patton,$d1921-
=245  14$aThe terrorist mind in Islam and Iraq :$ba guide for healing hatred /$cby Patton Howell.
=260  \\$aDallas, Tex. :$bSaybrook Pub.,$cc2003.
=300  \\$axi, 271 p. :$bill. ;$c23 cm.
=336  \\$atext$2rdacontent
=337  \\$aunmediated$2rdamedia
=338  \\$avolume$2rdacarrier
=650  \0$aTerrorism$xPsychological aspects.
=650  \0$aTerrorists$xPsychology.
=650  \0$aHate.
=650  \0$aSocial perception.
=650  \0$aIslam$y20th century.
=650  \0$aCivilization, Modern.
=650  \0$aTerrorism$xPrevention.
=651  \0$aIslamic countries$xCivilization.
=852  41$aBritish Library$bDSC
=856  41$3Table of contents$uhttp://www.loc.gov/catdir/toc/fy037/2003041511.html
=CAT  \\$a4861$b40$c20051202$lBLL01$h1531
=FMT  \\$a  BK
=LAS  \\$a4861$b40$c20051202$lBLL01$h1531
=SID  \\$aZ39$bLOC

