=LDR  02415aam a2200541 a 4500
=001  013365809
=003  Uk
=005  20060629214714.0
=008  050706s2006\\\\mau\\\\\\bf\\\001\0\eng\\
=010  \\$a  2005019333
=015  \\$aGBA608373$2bnb
=016  7\$a013365809$2Uk
=020  \\$a0763734586 (pbk.) :$cNo price
=040  \\$aStDuBDS$beng$cStDuBDS$dUk
=042  \\$aukblsr
=050  00$aRC456$b.M6735 2006
=082  00$a616.89$222
=100  10$aMoore, David P.
=245  14$aThe little black book of psychiatry /$cDavid P. Moore.
=250  \\$a3rd ed.
=260  \\$aSudbury, Mass. ;$aLondon :$bJones and Bartlett,$c2006.
=300  \\$axxi, 404 p. ;$c18 cm.
=336  \\$atext$2rdacontent
=337  \\$aunmediated$2rdamedia
=338  \\$avolume$2rdacarrier
=500  \\$aFormerly CIP.$5Uk
=500  \\$aRev. ed. of: Blackwell's primary care essentials. Psychiatry. 2nd ed. Blackwell Science, c2002.
=504  \\$aIncludes bibliographical references and index.
=505  0\$aDiagnostic evaluation -- Early onset disorders -- Delirium, dementia, and related disorders -- Substance-related disorders -- Schizophrenia and other psychoses -- Mood disorders -- Anxiety disorders -- Somatoform and related disorders -- Dissociative disorders -- Sexual and related disorders -- Eating disorders -- Sleep disorders -- Impulse-control disorders not classified elsewhere -- Personality disorders -- Other conditions -- Psychopharmacology and electroconvulsive treatment.
=650  \0$aPsychiatry$vHandbooks, manuals, etc.
=650  \0$aDiagnosis, Differential$vHandbooks, manuals, etc.
=650  12$aMental Disorders$xdiagnosis$vHandbooks.
=650  22$aDiagnosis, Differential$vHandbooks.
=650  22$aMental Disorders$xtherapy$vHandbooks.
=700  1\$aMoore, David P.$tBlackwell's primary care essentials.$pPsychiatry.
=852  41$aBritish Library$bHMNTS
=856  41$3Table of contents$uhttp://www.loc.gov/catdir/toc/ecip0515/2005019333.html
=BUF  \\$aN$d20060626
=CAT  \\$aBATCH-CIP$b00$c20051220$lBLL01$h1701
=CAT  \\$c20051220$lBLL01$h1704
=CAT  \\$c20051220$lBLL01$h1724
=CAT  \\$a9523$b40$c20060626$lBLL01$h1407
=CAT  \\$aBATCH-BUOC$b00$c20060629$lBLL01$h2147
=CAT  \\$aWR16_021$c20160613$lBLL01$h1804
=CAT  \\$aBATCH-UPD$b00$c20160613$lBLL01$h1820
=FIN  \\$aY$d20060626
=FMT  \\$a  BK
=LAS  \\$aBATCH-UPD$b00$c20160613$lBLL01$h1820

