=LDR  01468 am a2200409 a 4500
=001  013373035
=003  Uk
=005  20060510091459.0
=008  031118s2004\\\\nyu\\\\\\\\\\\000\1\eng\\
=010  \\$a2003068609
=015  \\$aGBA646987$2bnb
=020  \\$a0743251350 :$cNo price
=040  \\$aDLC$cDLC$dDLC$dUk
=042  \\$aukblsr
=043  \\$an-us---$aa-is---
=050  00$aPS3607.O485$bP55 2004
=082  00$a813.6$222
=100  1\$aGoldstein, Naama,$d1969-
=245  14$aThe place will comfort you :$bstories /$cNaama Goldstein.
=260  \\$aNew York ;$aLondon :$bScribner,$cc2004.
=300  \\$aix, 211 p. ;$c23 cm.
=336  \\$atext$2rdacontent
=337  \\$aunmediated$2rdamedia
=338  \\$avolume$2rdacarrier
=505  0\$aThe conduct for consoling -- The verse in the margins -- Pickled sprouts -- A pillar of a cloud -- The Roberto touch -- Anatevka tender -- Barbary apes -- The worker rests under the hero trees.
=650  \0$aJewish youth$vFiction.
=650  \0$aJews$vFiction.
=651  \0$aUnited States$xSocial life and customs$vFiction.
=651  \0$aIsrael$xSocial life and customs$vFiction.
=852  41$aBritish Library$bHMNTS
=856  42$3Publisher description$uhttp://www.loc.gov/catdir/description/simon051/2003068609.html
=CAT  \\$a5703$b40$c20060106$lBLL01$h1138
=CAT  \\$a6328$b40$c20060510$lBLL01$h0914
=FIN  \\$aY$d20060510
=FMT  \\$a  BK
=LAS  \\$a6328$b40$c20060510$lBLL01$h0914
=SRC  \\$aBLL02

