=LDR  01443 am a2200421 a 4500
=001  013378595
=003  Uk
=005  20060307091717.0
=008  040615s2005\\\\nyu\\\\\\b\\\\001\0\eng\\
=010  \\$a2004014115  
=020  \\$a0820474509 (hardcover : alk. paper)
=040  \\$aDLC$cDLC$dDLC
=042  \\$apcc
=043  \\$aa-is---$ama-----
=050  00$aDS119.76$b.B347 2005
=082  00$a956.9405/4$222
=100  1\$aBalaban, Oded.
=245  10$aInterpreting conflict :$bIsraeli-Palestinian negotiations at Camp David II and beyond /$cOded Balaban.
=260  \\$aNew York :$bPeter Lang,$cc2005.
=300  \\$ap. cm.
=336  \\$atext$2rdacontent
=337  \\$aunmediated$2rdamedia
=338  \\$avolume$2rdacarrier
=490  1\$aStudies in international relations,$x1529-2568 ;$vv. 4
=504  \\$aIncludes bibliographical references and index.
=650  \0$aArab-Israeli conflict$y1993-$xPeace.
=830  \0$aStudies in international relations,$x1529-2568 ;$vv. 4
=852  41$aBritish Library$bDSC
=856  41$3Table of contents$uhttp://www.loc.gov/catdir/toc/ecip0418/2004014115.html
=985  \\$aProvisional record - DSC
=CAT  \\$a4861$b40$c20060114$lBLL01$h0947
=CAT  \\$a9504$b40$c20060307$lBLL01$h0917
=CAT  \\$aBATCH$b00$c20091217$lBLL01$h0410
=CAT  \\$aBATCH$b00$c20100103$lBLL01$h1204
=FIN  \\$aY$d20060307
=FMT  \\$a  BK
=LAS  \\$aBATCH$b00$c20100103$lBLL01$h1204
=SRC  \\$aBLL02

