=LDR  01602cam a2200469 a 4500
=001  013378777
=003  Uk
=005  20070227142647.0
=008  060928s2005\\\\pau\\\\\\\\\\\000\p\eng\d
=010  \\$a  2006283697
=015  \\$aGBA715863$2bnb
=016  7\$a013378777$2Uk
=020  \\$a0822958945 (pbk.) :$cNo price
=035  \\$a(OCoLC)ocm61463029
=040  \\$aPIT$cPIT$dBAKER$dDLC$dUk
=042  \\$aukblsr
=050  00$aPS3554.E532$bN54 2005
=082  00$a811.54$222
=100  1\$aDeNiord, Chard,$d1952-
=245  10$aNight mowing /$cChard deNiord.
=260  \\$aPittsburgh, Pa. :$bUniversity of Pittsburgh Press,$cc2005.
=300  \\$aviii, 77 p. ;$c22 cm.
=336  \\$atext$2rdacontent
=337  \\$aunmediated$2rdamedia
=338  \\$avolume$2rdacarrier
=490  1\$aPitt poetry series
=830  \0$aPitt poetry series.
=852  41$aBritish Library$bHMNTS
=856  42$3Contributor biographical information$uhttp://www.loc.gov/catdir/enhancements/fy0701/2006283697-b.html
=856  42$3Publisher description$uhttp://www.loc.gov/catdir/enhancements/fy0701/2006283697-d.html
=CAT  \\$a12328$b40$c20060116$lBLL01$h0926
=CAT  \\$a12328$b40$c20060116$lBLL01$h0927
=CAT  \\$a7732$b40$c20070227$lBLL01$h1426
=CAT  \\$aBATCH$b00$c20091217$lBLL01$h0410
=CAT  \\$aBATCH$b00$c20100103$lBLL01$h1204
=CAT  \\$aBATCH-UPD$b00$c20160402$lBLL01$h1830
=CAT  \\$aWR16_021$c20160613$lBLL01$h1806
=CAT  \\$aBATCH-UPD$b00$c20230422$lBLL01$h1711
=FIN  \\$aY$d20070227
=FMT  \\$a  BK
=LAS  \\$aBATCH-UPD$b00$c20230422$lBLL01$h1711
=SRC  \\$aBLL02

