=LDR  01902 am a2200493 a 4500
=001  013379278
=003  Uk
=005  20070227141744.0
=008  050316r20052002scu\\\\\\\\\\s000\0deng\\
=010  \\$a  2005007610
=015  \\$aGBA715859$2bnb
=016  7\$a013379278$2Uk
=020  \\$a1570036136 (pbk. : alk. paper) :$cNo price
=040  \\$aDLC$cDLC$dDLC$dUk
=042  \\$aukblsr
=043  \\$an-usu--
=050  10$aE185.92$b.J64 2005
=082  00$a305.800975773$222
=100  1\$aJohnson, Sandra E.
=245  10$aStanding on holy ground :$ba triumph over hate crime in the deep South /$cSandra E. Johnson.
=260  \\$aColumbia, S.C. :$bUniversity of South Carolina Press,$c2005.
=300  \\$axv, 352 p. ;$c23 cm.
=336  \\$atext$2rdacontent
=337  \\$aunmediated$2rdamedia
=338  \\$avolume$2rdacarrier
=500  \\$aOriginally published: New York : St. Martin's Press, 2002.
=650  \0$aAfrican American churches$xFires and fire prevention$zSouthern States$xHistory$y20th century.
=650  \0$aArson$zSouthern States$xHistory$y20th century.
=650  \0$aAfrican Americans$xCrimes against$zSouthern States$xHistory$y20th century.
=650  \0$aHate crimes$zSouthern States$xHistory$y20th century.
=650  \0$aChurch maintenance and repair$zSouthern States$xCitizen participation$xHistory$y20th century.
=651  \0$aSouthern States$xRace relations.
=651  \0$aSouthern States$vBiography.
=690  7\$aSocial Welfare$2blcoll
=852  41$aBritish Library$bHMNTS
=856  41$3Table of contents$uhttp://www.loc.gov/catdir/toc/ecip059/2005007610.html
=CAT  \\$a8178$b40$c20060116$lBLL01$h1442
=CAT  \\$a8202$b40$c20070227$lBLL01$h1417
=CAT  \\$aWR16_021$c20160613$lBLL01$h1806
=CAT  \\$aBATCH-SWP$c20160617$lBLL01$h2227
=FIN  \\$aY$d20070227
=FMT  \\$a  BK
=LAS  \\$aBATCH-SWP$b00$c20160617$lBLL01$h2227
=SRC  \\$aBLL02

