=LDR  02121 am a2200409 a 4500
=001  013385124
=003  Uk
=005  20070301122014.0
=008  050429s2005\\\\nhua\\\\\b\\\\000\0\eng\\
=010  \\$a  2005012488
=015  \\$aGBA717622$2bnb
=016  7\$a013385124$2Uk
=020  \\$a0325006466 (pbk.) :$cNo price
=040  \\$aDLC$cDLC$dDLC$dUk
=042  \\$aukblsr
=050  00$aCT25$b.B63 2005
=082  00$a809.93592$222
=100  1\$aBomer, Katherine.
=245  10$aWriting a life :$bteaching memoir to sharpen insight, shape meaning-- and triumph over tests /$cKatherine Bomer.
=260  \\$aPortsmouth, NH :$bHeinemann,$cc2005.
=300  \\$axiv, 209 p. :$bill. ;$c24 cm.
=336  \\$atext$2rdacontent
=337  \\$aunmediated$2rdamedia
=338  \\$avolume$2rdacarrier
=504  \\$aIncludes bibliographical references (p. 197-209).
=505  0\$aWhy teach memoir? : reasons that will change your teaching and your life -- Week-by-week plans : a map to guide you through a genre study in memoir -- How to read memoir to learn to write it : essential structures and provocative questions for discussion -- Rafting down rivers of memory : getting ideas going in the memoirist's notebook -- Making meaning of memories : selecting, collecting, and layering -- Shaping the story : dozens of possibilities for structure -- Recognized lives : secrets for successful conferring with children writing memoir (and a "cheat sheet" just in case) -- Revising a text, revising a life : five sledgehammers and nineteen nails for making the memoir even better -- Answering test prompts by drawing on best memoir writing.
=650  \0$aAutobiography$xStudy and teaching.
=650  \0$aBiography as a literary form$xStudy and teaching.
=852  41$aBritish Library$bHMNTS
=856  41$3Table of contents$uhttp://www.loc.gov/catdir/toc/ecip0512/2005012488.html
=CAT  \\$a12327$b40$c20060124$lBLL01$h0918
=CAT  \\$a9678$b40$c20070301$lBLL01$h1220
=CAT  \\$aWR16_021$c20160613$lBLL01$h1807
=FIN  \\$aY$d20070301
=FMT  \\$a  BK
=LAS  \\$aWR16_021$b00$c20160613$lBLL01$h1807
=SRC  \\$aBLL02

