=LDR  01400 am a2200409 a 4500
=001  013385256
=003  Uk
=005  20070301105612.0
=008  050610s2005\\\\nhua\\\\\b\\\\001\0\eng\\
=010  \\$a  2005016360
=015  \\$aGBA717595$2bnb
=016  7\$a013385256$2Uk
=020  \\$a0325007594 (pbk.) :$cNo price
=040  \\$aDLC$cDLC$dDLC
=042  \\$apcc
=050  00$aLB1576$b.A626 2005
=082  00$a372.623$222
=100  1\$aAngelillo, Janet.
=245  10$aWriting to the prompt :$bwhen students don't have a choice /$cJanet Angelillo.
=260  \\$aPortsmouth, NH :$bHeinemann,$cc2005.
=300  \\$avii, 166 p. :$bill. ;$c24 cm.
=336  \\$atext$2rdacontent
=337  \\$aunmediated$2rdamedia
=338  \\$avolume$2rdacarrier
=504  \\$aIncludes bibliographical references (p. 156-162) and index.
=650  \0$aEnglish language$xComposition and exercises$xStudy and teaching (Elementary)
=650  \0$aReport writing$xStudy and teaching (Elementary)
=650  \0$aLanguage arts (Elementary)
=852  41$aBritish Library$bHMNTS
=856  41$3Table of contents$uhttp://www.loc.gov/catdir/toc/ecip0514/2005016360.html
=CAT  \\$a10876$b40$c20060124$lBLL01$h1047
=CAT  \\$a9678$b40$c20070301$lBLL01$h1056
=CAT  \\$aWR16_021$c20160613$lBLL01$h1807
=FIN  \\$aY$d20070301
=FMT  \\$a  BK
=LAS  \\$aWR16_021$b00$c20160613$lBLL01$h1807
=SRC  \\$aBLL02

