=LDR  02047aam a2200577 a 4500
=001  013387335
=003  Uk
=005  20060914213437.0
=008  050418s2006\\\\mdu\\\\\\b\\\\001\0beng\\
=010  \\$a  2005010742
=015  \\$aGBA617789$2bnb
=016  7\$a013387335$2Uk
=020  \\$a074253099X (hbk.) :$c£43.00
=020  \\$a0742535509 (pbk.) :$c£13.99
=040  \\$aStDuBDS$beng$cStDuBDS$dUk
=042  \\$aukblsr
=043  \\$ae-uk---$ae-uk-wl
=050  00$aPR6073.I4329$bZ848 2006
=082  00$a828.91409$222
=100  10$aO'Connor, Alan.
=245  10$aRaymond Williams /$cAlan O'Connor.
=260  \\$aLanham, Md. :$bRowman & Littlefield ;$aOxford :$bOxford Publicity Partnership [distributor],$c2006.
=300  \\$ax, 127 p. ;$c24 cm.
=336  \\$atext$2rdacontent
=337  \\$aunmediated$2rdamedia
=338  \\$avolume$2rdacarrier
=490  1\$aCritical media studies
=500  \\$aFormerly CIP.$5Uk
=504  \\$aIncludes bibliographical references (p. 115-119) and index.
=600  10$aWilliams, Raymond.
=650  \0$aCriticism$zGreat Britain$xHistory$y20th century.
=650  \0$aAuthors, Welsh$y20th century$xBiography.
=650  \0$aCritics$zGreat Britain$xBiography.
=650  \0$aMass media criticism$zGreat Britain.
=830  \0$aCritical media studies.
=852  41$aBritish Library$bHMNTS
=856  41$3Table of contents$uhttp://www.loc.gov/catdir/toc/ecip0511/2005010742.html
=985  \\$aPotential duplicate - ISBN matched when loading CiP record
=BUF  \\$aN$d20060912
=CAT  \\$aBATCH-CIP$b00$c20060124$lBLL01$h1704
=CAT  \\$c20060124$lBLL01$h1707
=CAT  \\$c20060124$lBLL01$h1729
=CAT  \\$a8332$b40$c20060912$lBLL01$h1338
=CAT  \\$aBATCH-BUOC$b00$c20060914$lBLL01$h2134
=CAT  \\$aBATCH$b00$c20091217$lBLL01$h0411
=CAT  \\$aBATCH$b00$c20100103$lBLL01$h1205
=CAT  \\$aWR16_021$c20160613$lBLL01$h1807
=CAT  \\$aBATCH-UPD$b00$c20160613$lBLL01$h1854
=FIN  \\$aY$d20060912
=FMT  \\$a  BK
=LAS  \\$aBATCH-UPD$b00$c20160613$lBLL01$h1854

