=LDR  01456aam a2200445 a 4500
=001  013414691
=003  Uk
=005  20080110214450.0
=008  060109s2007\\\\enk\\\\\\\\\\\000\0\eng\\
=010  \\$a  2006031236
=015  \\$aGBA627448$2bnb
=016  7\$a013414691$2Uk
=020  \\$a9780470007198 (pbk.) :$c£27.50
=020  \\$a0470007192 (pbk.) :$c£27.50
=040  \\$aStDuBDS$beng$cStDuBDS$dUk
=042  \\$aukblsr
=082  00$a650.101513$222
=100  1\$aSlavin, Stephen L.
=245  10$aBusiness math /$cSteve Slavin with Tere Stouffer.
=260  \\$aChichester :$bJohn Wiley,$c2007.
=300  \\$axxii, 281 p.
=336  \\$atext$2rdacontent
=337  \\$aunmediated$2rdamedia
=338  \\$avolume$2rdacarrier
=500  \\$aFormerly CIP.$5Uk
=650  \0$aBusiness mathematics.
=700  1\$aStouffer, Tere.
=852  41$aBritish Library$bHMNTS
=856  41$3Table of contents only$uhttp://www.loc.gov/catdir/toc/ecip072/2006031236.html
=856  42$3Publisher description$uhttp://www.loc.gov/catdir/enhancements/fy0650/2006031236-d.html
=BUF  \\$aN$d20070226
=CAT  \\$aBATCH-CIP$b00$c20060228$lBLL01$h1702
=CAT  \\$c20060228$lBLL01$h1705
=CAT  \\$c20060228$lBLL01$h1726
=CAT  \\$a6923$b40$c20070226$lBLL01$h1433
=CAT  \\$aBATCH-BUOC$b00$c20080110$lBLL01$h2144
=CAT  \\$aWR16_021$c20160613$lBLL01$h1812
=FIN  \\$aY$d20070226
=FMT  \\$a  BK
=LAS  \\$aWR16_021$b00$c20160613$lBLL01$h1812

