=LDR  01620 am a22004218a 4500
=001  013425372
=003  Uk
=005  20060313194902.2
=008  050419s2006\\\\nju\\\\\\b\\\\001\0\eng\\
=010  \\$a2005011267  
=040  \\$aDLC$cDLC$dDLC
=042  \\$apcc
=043  \\$an-us---
=050  00$aKF4755$b.A96 2006
=082  00$a342.7308/7$222
=100  10$aAncheta, Angelo N.,$d1960-
=245  10$aScientific evidence and equal protection of the law /$cAngelo N. Ancheta.
=260  \\$aNew Brunswick, N.J. :$bRutgers University Press,$cc2006.
=263  \\$a0603
=300  \\$ap. cm.
=336  \\$atext$2rdacontent
=337  \\$aunmediated$2rdamedia
=338  \\$avolume$2rdacarrier
=504  \\$aIncludes bibliographical references and index.
=505  0\$aScience and law, ideology, and inequality -- Desegregation and "modern authority" -- Science and equal protection -- Proving discrimination -- Science, advocacy, and fact finding -- Directions and conclusions.
=650  \0$aDiscrimination$xLaw and legislation$zUnited States.
=650  \0$aEquality before the law$zUnited States.
=650  \0$aDiscrimination$zUnited States$xResearch.
=650  \0$aEquality before the law$zUnited States$xResearch.
=650  \0$aScience and law.
=852  \\$aBritish Library$bDSC
=856  41$3Table of contents$uhttp://www.loc.gov/catdir/toc/ecip0511/2005011267.html
=CAT  \\$aBATCH-APP$b00$c20060314$lBLL01$h1051
=CAT  \\$c20060314$lBLL01$h1051
=CAT  \\$c20060314$lBLL01$h1055
=CAT  \\$aBATCH-UPD$b00$c20190417$lBLL01$h1556
=FMT  \\$a  BK
=LAS  \\$aBATCH-UPD$b00$c20190417$lBLL01$h1556

