=LDR  02764aam a2200637 a 4500
=001  013436879
=003  Uk
=005  20071101094052.0
=008  051115s2007\\\\nyua\\\\\b\\\\001\0ceng\\
=010  \\$a  2005033350
=015  \\$aGBA635994$2bnb
=016  7\$a013436879$2Uk
=020  \\$z9780393061825 (hbk. : incorrect for item)
=020  \\$a0393061825 (hbk. : incorrect for item) :$c£14.99
=040  \\$aStDuBDS$beng$cStDuBDS$dUk
=042  \\$aukblsr
=043  \\$an-us---
=050  00$aHC102.5.A2$bL58 2007
=082  00$a338.092273$222
=100  10$aLivesay, Harold C.
=245  10$aAmerican made :$bshapers of the American economy /$cHarold C. Livesay.
=250  \\$a2nd ed.
=260  \\$aNew York ;$aLondon :$bW. W. Norton,$c2006.
=300  \\$ax, 326 p. :$bill. ;$c21 cm.
=336  \\$atext$2rdacontent
=337  \\$aunmediated$2rdamedia
=338  \\$avolume$2rdacarrier
=500  \\$aFormerly CIP.$5Uk
=500  \\$aSubtitle of 1979 ed.: men who shaped the American economy.
=504  \\$aIncludes bibliographical references (p. 309-318) and index.
=505  0\$aThe artist of his country: Eli Whitney -- The grim reaper: Cyrus Hall McCormick -- The star-spangled Scotchman: Andrew Carnegie -- The most useful American: Thomas A. Edison -- The insolent charioteer: Henry Ford -- The patriarchal pioneer: Pierre S. du Pont -- The organization man: Alfred P. Sloan -- Avatar of the worldwide car: Henry Ford II -- The philosopher scientist: Edwin Land -- And so it goes: burgers, bargains, and bytes -- Of things past and things to come
=650  \0$aBusinesspeople$zUnited States$vBiography.
=650  \0$aEntrepreneurship$zUnited States$xHistory.
=650  \0$aBusiness enterprises$zUnited States$xHistory.
=690  7\$aManagement and Business Studies$2blcoll
=852  41$aBritish Library$bHMNTS
=856  41$3Table of contents only$uhttp://www.loc.gov/catdir/toc/ecip063/2005033350.html
=BUF  \\$aN$d20060829
=CAT  \\$aBATCH-CIP$b00$c20060328$lBLL01$h1701
=CAT  \\$c20060328$lBLL01$h1705
=CAT  \\$c20060328$lBLL01$h1733
=CAT  \\$a12323$b40$c20060829$lBLL01$h1559
=CAT  \\$a12323$b40$c20060829$lBLL01$h1606
=CAT  \\$a12323$b40$c20060829$lBLL01$h1607
=CAT  \\$a11249$b40$c20060906$lBLL01$h1525
=CAT  \\$aBATCH-BUOC$b00$c20070405$lBLL01$h2135
=CAT  \\$a11249$b40$c20071101$lBLL01$h0939
=CAT  \\$a11249$b40$c20071101$lBLL01$h0940
=CAT  \\$aBATCH$b00$c20090624$lBLL01$h1712
=CAT  \\$aBATCH690$c20100715$lBLL01$h2103
=CAT  \\$aBATCH-MBS$c20100716$lBLL01$h2048
=CAT  \\$aWR16_021$c20160614$lBLL01$h1804
=CAT  \\$aBATCH-UPD$b00$c20160614$lBLL01$h1818
=FIN  \\$aY$d20060829
=FMT  \\$a  BK
=LAS  \\$aBATCH-UPD$b00$c20160614$lBLL01$h1818

