=LDR  02213aam a2200601 a 4500
=001  013459002
=003  Uk
=005  20070803095426.0
=008  060209s2007\\\\maua\\\\\b\\\\001\0\eng\\
=010  \\$a  2006042045
=015  \\$aGBA644158$2bnb
=016  7\$a013459002$2Uk
=020  \\$z9780073224620 (hbk.)
=020  \\$a0073224626 (hbk.) :$c£85.99
=040  \\$aStDuBDS$beng$cStDuBDS$dUk
=042  \\$aukblsr
=050  00$aHF5635$b.A69 2007
=082  00$a657$222
=100  1\$aAnthony, Robert N.$q(Robert Newton),$d1916-2006.
=245  10$aAccounting :$btext and cases /$cRobert N. Anthony, David F. Hawkins, Kenneth A. Merchant.
=250  \\$a12th ed.
=260  \\$aMaidenhead :$bMcGraw-Hill Education,$c2007.
=300  \\$axxvi, 933 p. :$bill. ;$c27 cm.
=336  \\$atext$2rdacontent
=337  \\$aunmediated$2rdamedia
=338  \\$avolume$2rdacarrier
=500  \\$aFormerly CIP.$5Uk
=504  \\$aIncludes bibliographical references and indexes.
=650  \0$aAccounting.
=650  \0$aAccounting$vCase studies.
=690  7\$aManagement and Business Studies$2blcoll
=700  1\$aHawkins, David F.
=700  1\$aMerchant, Kenneth A.
=852  41$aBritish Library$bHMNTS
=856  42$3Publisher description$uhttp://www.loc.gov/catdir/enhancements/fy0629/2006042045-d.html
=856  41$3Table of contents$uhttp://www.loc.gov/catdir/enhancements/fy0629/2006042045-t.html
=856  42$3Contributor biographical information$uhttp://www.loc.gov/catdir/enhancements/fy0737/2006042045-b.html
=BUF  \\$aN$d20061103
=CAT  \\$aBATCH-CIP$b00$c20060502$lBLL01$h1718
=CAT  \\$c20060502$lBLL01$h1720
=CAT  \\$c20060502$lBLL01$h1734
=CAT  \\$a12323$b40$c20061103$lBLL01$h0941
=CAT  \\$a11249$b40$c20061115$lBLL01$h0904
=CAT  \\$aBATCH-BUOC$b00$c20070803$lBLL01$h0954
=CAT  \\$aBATCH-UPD$b00$c20070803$lBLL01$h1002
=CAT  \\$aBATCH$b00$c20090624$lBLL01$h1713
=CAT  \\$aBATCH690$c20100715$lBLL01$h2103
=CAT  \\$aBATCH-MBS$c20100716$lBLL01$h2048
=CAT  \\$aBATCH-UPD$b00$c20150406$lBLL01$h0339
=CAT  \\$aWR16_021$c20160614$lBLL01$h1808
=FIN  \\$aY$d20061103
=FMT  \\$a  BK
=LAS  \\$aWR16_021$b00$c20160614$lBLL01$h1808

