=LDR  01777 am a2200397 a 4500
=001  013466602
=003  Uk
=005  20060511135204.0
=008  020422s2002\\\\azua\\\\\\\\\\001\0\eng\\
=010  \\$a  2002105621
=020  \\$a0972058206
=040  \\$aDLC$cDLC$dDLC
=042  \\$apcc
=050  00$aHD69.P75$bG84 2002
=100  10$aGuess, Vincent C.
=245  10$aCMII for business process infrastructure /$cVincent C. Guess.
=246  3\$aCM2 for business process infrastructure
=246  3\$aConfiguration management II for business process infrastructure
=260  \\$aScottsdale, AZ :$bHolly Pub.,$cc2002.
=300  \\$axix, 164 p. :$bill. ;$c24 cm.
=336  \\$atext$2rdacontent
=337  \\$aunmediated$2rdamedia
=338  \\$avolume$2rdacarrier
=500  \\$aIncludes index.
=505  8\$aMachine generated contents note: 1 A Little History and Lessons Learned -- 2 CM Paradigms and CMII Principles -- 3 Proof That CM Is, or Is Not, Working -- 4 CM Subprocesses and Terminologies -- 5 The CMII Model -- 6 Product Structuring and Baselines -- 7 Changes, Forms and Effectivities -- 8 Naming and Numbering Conventions -- 9 Data Integrity -- 10 The "V" Model for Development -- 11 Work Centers and Process Standards -- 12 CMII-Compliant Enabling Tools -- 13 CMII Implementation and ROI -- 14 How to Get Started.
=650  \0$aProject management.
=650  \0$aConfiguration management.
=650  \0$aQuality control.
=650  \0$aOrganizational change.
=852  41$aBritish Library$bDSC
=856  41$3Table of contents$uhttp://www.loc.gov/catdir/toc/fy033/2002105621.html
=CAT  \\$a4861$b40$c20060511$lBLL01$h1352
=CAT  \\$aBATCH-UPD$b40$c20180530$lBLL01$h1634
=FMT  \\$a  BK
=LAS  \\$aBATCH-UPD$b40$c20180530$lBLL01$h1634
=SRC  \\$aBLL02

