=LDR  02095aam a2200577 a 4500
=001  013470715
=003  Uk
=005  20070719213444.0
=008  060403s2006\\\\ne\a\\\\\b\\\\001\0\eng\\
=010  \\$a  2006044017
=015  \\$aGBA648499$2bnb
=016  7\$a013470715$2Uk
=020  \\$z97809781584885849 (pbk.)
=020  \\$z158488584X (pbk.) :$c£33.99
=040  \\$aStDuBDS$beng$cStDuBDS$dUk
=042  \\$aukblsr
=050  00$aBL60$b.M3265 2006
=082  00$a306.6$222
=245  00$aMarx, critical theory, and religion :$ba critique of rational choice /$cedited by Warren S. Goldstein.
=260  \\$aBoca Raton, Fla. :$bChapman & Hall/CRC;$aLondon :$bTaylor & Francis [distributor],$c2006.
=300  \\$aviii, 407 p. :$bill. ;$c25 cm.
=336  \\$atext$2rdacontent
=337  \\$aunmediated$2rdamedia
=338  \\$avolume$2rdacarrier
=490  1\$aStudies in critical social sciences,$x1573-4234 ;$vv. 6
=500  \\$aFormerly CIP.$5Uk
=504  \\$aIncludes bibliographical references (p. [363]-387) and index.
=600  10$aMarx, Karl,$d1818-1883.
=650  \0$aReligion and sociology.
=650  \0$aCritical theory.
=650  \0$aRational choice theory.
=690  7\$aSocial Welfare$2blcoll
=700  1\$aGoldstein, Warren S.
=830  \0$aStudies in critical social sciences,$x1573-4234 ;$vv. 6
=852  41$aBritish Library$bHMNTS
=856  41$3Table of contents only$uhttp://www.loc.gov/catdir/toc/fy0702/2006044017.html
=BUF  \\$aN$d20061121
=CAT  \\$aBATCH-CIP$b00$c20060516$lBLL01$h1702
=CAT  \\$c20060516$lBLL01$h1704
=CAT  \\$c20060516$lBLL01$h1718
=CAT  \\$a10876$b40$c20061121$lBLL01$h1140
=CAT  \\$a11249$b40$c20061129$lBLL01$h1414
=CAT  \\$aBATCH-BUOC$b00$c20070719$lBLL01$h2134
=CAT  \\$aBATCH$b00$c20091217$lBLL01$h0421
=CAT  \\$aBATCH$b00$c20100103$lBLL01$h1215
=CAT  \\$aBATCH$b00$c20110625$lBLL01$h0520
=CAT  \\$aBATCH-SWP4$c20110627$lBLL01$h1603
=CAT  \\$aWR16_021$c20160614$lBLL01$h1811
=FIN  \\$aY$d20061121
=FMT  \\$a  BK
=LAS  \\$aWR16_021$b00$c20160614$lBLL01$h1811

