=LDR  01315 am a22003978a 4500
=001  013477304
=003  Uk
=005  20060524202142.4
=008  051205s2006\\\\dcu\\\\\\\\\\\001\0deng\\
=010  \\$a2005035396  
=020  \\$a1574889702 (hardcover : alk. paper)
=040  \\$aDLC$cDLC$dDLC
=042  \\$apcc
=043  \\$aa-vt---$an-us---
=050  00$aDS559.8.M44$bH83 2006
=082  00$a959.704/38$222
=100  1\$aHubbard, Douglass H.,$d1945-
=245  10$aSpecial agent, Vietnam :$ba naval intelligence memoir /$cDouglass H. Hubbard, Jr.
=250  \\$a1st ed.
=260  \\$aWashington, D.C. :$bPotomac Books,$c2006.
=263  \\$a0604
=300  \\$ap. cm.
=336  \\$atext$2rdacontent
=337  \\$aunmediated$2rdamedia
=338  \\$avolume$2rdacarrier
=500  \\$aIncludes index.
=610  10$aUnited States.$bOffice of Naval Intelligence$xHistory$y20th century.
=650  \0$aVietnam War, 1961-1975$xMilitary intelligence$zUnited States.
=650  \0$aIntelligence officers$zUnited States.
=852  \\$aBritish Library$bDSC
=856  41$3Table of contents$uhttp://www.loc.gov/catdir/toc/ecip064/2005035396.html
=CAT  \\$aBATCH-APP$b00$c20060525$lBLL01$h0936
=CAT  \\$c20060525$lBLL01$h0939
=CAT  \\$c20060525$lBLL01$h0949
=FMT  \\$a  BK
=LAS  \\$c20060525$lBLL01$h0949

