=LDR  01230 am a22003618a 4500
=001  013477324
=003  Uk
=005  20060524202142.4
=008  051102s2006\\\\nyu\\\\\\\\\\\000\0\eng\\
=010  \\$a2005031679  
=020  \\$a1400054931
=040  \\$aDLC$cDLC$dDLC
=042  \\$apcc
=050  00$aHD31$b.S6926 2006
=082  00$a658.4$222
=100  1\$aStevens, Mark,$d1947-
=245  10$aYour management sucks :$bwhy you have to declare war on yourself-- and your business /$cMark Stevens.
=260  \\$aNew York :$bCrown Business,$c2006.
=263  \\$a0604
=300  \\$ap. cm.
=336  \\$atext$2rdacontent
=337  \\$aunmediated$2rdamedia
=338  \\$avolume$2rdacarrier
=650  \0$aManagement.
=852  \\$aBritish Library$bDSC
=856  41$3Table of contents$uhttp://www.loc.gov/catdir/toc/ecip062/2005031679.html
=856  42$3Contributor biographical information$uhttp://www.loc.gov/catdir/enhancements/fy0634/2005031679-b.html
=856  42$3Publisher description$uhttp://www.loc.gov/catdir/enhancements/fy0634/2005031679-d.html
=CAT  \\$aBATCH-APP$b00$c20060525$lBLL01$h0936
=CAT  \\$c20060525$lBLL01$h0939
=CAT  \\$c20060525$lBLL01$h0949
=FMT  \\$a  BK
=LAS  \\$c20060525$lBLL01$h0949

