=LDR  01519aam a2200469 a 4500
=001  013480017
=003  Uk
=005  20061012213607.0
=008  060306s2006\\\\njua\\\\\\\\\\001\0\eng\\
=010  \\$a  2006007818
=015  \\$aGBA650717$2bnb
=016  7\$a013480017$2Uk
=020  \\$a0321397975 (pbk.) :$c£35.99
=040  \\$aStDuBDS$beng$cStDuBDS$dUk
=042  \\$aukblsr
=050  00$aQA76.9.C55$bW664 2006
=082  00$a005.2768$222
=100  1\$aWoody, Buck.
=245  10$aAdministrator's guide to SQL server 2005 /$cBuck Woody.
=260  \\$aUpper Saddle River, N. J. ;$aLondon :$bAddison-Wesley,$c2006.
=300  \\$axviii, 626 p. :$bill. ;$c24 cm.
=336  \\$atext$2rdacontent
=337  \\$aunmediated$2rdamedia
=338  \\$avolume$2rdacarrier
=490  1\$aMicrosoft Windows server system series
=500  \\$aFormerly CIP.$5Uk
=500  \\$aIncludes index.
=630  00$aSQL server.
=650  \0$aClient/server computing.
=852  41$aBritish Library$bHMNTS
=856  41$3Table of contents$uhttp://www.loc.gov/catdir/toc/ecip0610/2006007818.html
=BUF  \\$aN$d20061004
=CAT  \\$aBATCH-CIP$b00$c20060530$lBLL01$h1700
=CAT  \\$c20060530$lBLL01$h1703
=CAT  \\$c20060530$lBLL01$h1717
=CAT  \\$a9523$b40$c20061004$lBLL01$h1407
=CAT  \\$a9523$b40$c20061004$lBLL01$h1409
=CAT  \\$aBATCH-BUOC$b00$c20061012$lBLL01$h2136
=CAT  \\$aWR16_021$c20160614$lBLL01$h1812
=FIN  \\$aY$d20061004
=FMT  \\$a  BK
=LAS  \\$aWR16_021$b00$c20160614$lBLL01$h1812

