=LDR  00933 am a2200301 a 4500
=001  013482933
=003  Uk
=005  20060602113258.0
=008  030318s2003\\\\kyu\\\\\\\\\\\000\0\eng\\
=010  \\$a2003104091
=020  \\$a1887752560
=035  \\$a(DLC) 2003104091
=040  \\$aDLC$cDLC$dDLC
=042  \\$apcc
=100  1\$aFoory, Edited by Mohammed Fagh.
=245  10$aBeacon of knowledge :$bessays in honor of s.h. nasr /$cEdited by Mohammed Fagh Foory ... [et al.].
=250  \\$a1st ed.
=260  \\$aLouisville, KY :$bFons Vitae,$c2003.
=300  \\$ap.$ccm.
=336  \\$atext$2rdacontent
=337  \\$aunmediated$2rdamedia
=338  \\$avolume$2rdacarrier
=852  41$aBritish Library$bDSC
=856  42$3Publisher description$uhttp://www.loc.gov/catdir/enhancements/fy0615/2003104091-d.html
=CAT  \\$a4861$b40$c20060602$lBLL01$h1132
=FMT  \\$a  BK
=LAS  \\$a4861$b40$c20060602$lBLL01$h1132
=SID  \\$aZ39$bLOC

