=LDR  01546cam a22004338a 4500
=001  013483148
=003  Uk
=005  20220331223750.0
=008  060112s2006\\\\nyu\\\\\\\\\\\000\0ceng\\
=010  \\$a2006001108  
=020  \\$a0393060446 (hardcover)
=040  \\$aDLC$cDLC$dDLC
=042  \\$apcc
=043  \\$an-us---
=050  00$aVE24$b.S58 2006
=082  00$a359.9/650973$222
=100  10$aSmith, Larry,$d1940-
=245  14$aThe few and the proud :$bMarine Corps drill instructors in their own words /$cLarry Smith.
=260  \\$aNew York :$bW. W. Norton & Company,$cc2006.
=263  \\$a0605
=300  \\$ap. cm.
=336  \\$atext$2rdacontent
=337  \\$aunmediated$2rdamedia
=338  \\$avolume$2rdacarrier
=540  \\$aBritish Library not licensed to copy$c0$5Uk
=610  10$aUnited States.$bMarine Corps$xNon-commissioned officers$vInterviews.
=610  10$aUnited States.$bMarine Corps$xMilitary life.
=650  \0$aBasic training (Military education)$zUnited States.
=852  \\$aBritish Library$bDSC
=856  41$3Table of contents$uhttp://www.loc.gov/catdir/toc/ecip066/2006001108.html
=CAT  \\$aBATCH-APP$b00$c20060602$lBLL01$h1359
=CAT  \\$c20060602$lBLL01$h1400
=CAT  \\$c20060602$lBLL01$h1402
=CAT  \\$aBATCH-CLAB$c20220330$lBLL01$h1737
=CAT  \\$aBATCH-UPD$b00$c20220331$lBLL01$h1045
=CAT  \\$aIPL-CLA$c20220331$lBLL01$h2237
=CFI  0\$aBritish Library not licensed to copy$c0$e01-apr-2022$hC$iCFP Excluded$5Uk
=FMT  \\$a  BK
=LAS  \\$aIPL-CLA$b00$c20220331$lBLL01$h2237

