=LDR  01402 am a22004098a 4500
=001  013483178
=003  Uk
=005  20060531185504.7
=008  051019s2006\\\\mnu\\\\\\\\\\\001\0\eng\\
=010  \\$a2005030665  
=020  \\$a097409921X (hard cover : alk. paper)
=040  \\$aDLC$cDLC$dDLC
=042  \\$apcc
=043  \\$an-us-mn
=050  00$aBX2525.C65$bS25 2006
=082  00$a271/.1077647$222
=245  00$aSaint John's at 150 :$ba portrait of this place called Collegeville, 1856-2006 /$cedited by Hilary Thimmesh.
=260  \\$aCollegeville, Minn. :$bSaint John's University Press,$c2006.
=263  \\$a0602
=300  \\$ap. cm.
=336  \\$atext$2rdacontent
=337  \\$aunmediated$2rdamedia
=338  \\$avolume$2rdacarrier
=500  \\$aIncludes index.
=610  20$aSt. John's Abbey (Collegeville, Minn.)$xHistory.
=610  20$aSt. John's University (Collegeville, Minn.)$xHistory.
=610  20$aBenedictines$zMinnesota$zCollegeville$xHistory.
=651  \0$aCollegeville (Minn.)$xChurch history.
=651  \0$aCollegeville (Minn.)$xHistory.
=700  1\$aThimmesh, Hilary.
=852  \\$aBritish Library$bDSC
=856  41$3Table of contents$uhttp://www.loc.gov/catdir/toc/ecip062/2005030665.html
=CAT  \\$aBATCH-APP$b00$c20060602$lBLL01$h1359
=CAT  \\$c20060602$lBLL01$h1400
=CAT  \\$c20060602$lBLL01$h1402
=FMT  \\$a  BK
=LAS  \\$c20060602$lBLL01$h1402

