=LDR  01514 am a22003498a 4500
=001  013487880
=003  Uk
=005  20060607194731.0
=008  060110s2006\\\\nyu\\\\\\b\\\\001\0\eng\\
=010  \\$a2006000722  
=040  \\$aDLC$cDLC$dDLC
=042  \\$apcc
=050  00$aRJ506.H9$bN52 2006
=082  00$a618.92/8589$222
=100  1\$aNigg, Joel T.
=245  10$aWhat causes ADHD? :$bunderstanding what goes wrong and why /$cJoel T. Nigg.
=260  \\$aNew York :$bGuilford Press,$cc2006.
=263  \\$a0606
=300  \\$ap. cm.
=336  \\$atext$2rdacontent
=337  \\$aunmediated$2rdamedia
=338  \\$avolume$2rdacarrier
=504  \\$aIncludes bibliographical references and index.
=505  0\$aConceptual context -- ADHDs controversies -- Defining disorder -- How does ADHD work? -- Neural systems -- Attention and arousal -- Cognitive control -- Motivation -- Motor function and temporal processing -- Where does adhd come from? -- Multiple pathways -- Genetic effects -- Uncommon experiential risk factors -- Common experiential risk factors -- Multiple pathways and research recommendations -- Multiple pathways reconsidered -- Conclusion.
=650  \0$aAttention-deficit hyperactivity disorder.
=852  \\$aBritish Library$bDSC
=856  41$3Table of contents$uhttp://www.loc.gov/catdir/toc/ecip066/2006000722.html
=CAT  \\$aBATCH-APP$b00$c20060608$lBLL01$h1317
=CAT  \\$c20060608$lBLL01$h1317
=CAT  \\$c20060608$lBLL01$h1324
=FMT  \\$a  BK
=LAS  \\$c20060608$lBLL01$h1324

