=LDR  01605 am a2200481 a 4500
=001  013487886
=003  Uk
=005  20060725115729.0
=008  050728s2006\\\\dcu\\\\\\b\\\\001\0\eng\\
=010  \\$a2005021680
=015  \\$aGBA663731$2bnb
=020  \\$a0813214513 (cased) :$cNo price
=035  \\$a(DLC)14055470
=035  \\$a(DLC)2005021680
=035  \\$a(OCoLC)ocm61228613
=040  \\$aDLC$cDLC$dDLC$dUk
=042  \\$aukblsr
=043  \\$an-us---
=050  00$aKF4783$b.G37 2006
=082  00$a342.730852$222
=100  1\$aGarry, Patrick M.
=245  10$aWrestling with God :$bthe courts' tortuous treatment of religion /$cPatrick M. Garry.
=260  \\$aWashington, D.C. :$bCatholic University of America Press,$cc2006.
=300  \\$aix, 230 p. ;$c23 cm.
=336  \\$atext$2rdacontent
=337  \\$aunmediated$2rdamedia
=338  \\$avolume$2rdacarrier
=504  \\$aIncludes bibliographical references (p. 171-224) and index.
=650  \0$aFreedom of religion$zUnited States.
=650  \0$aReligion and state$zUnited States.
=650  \0$aJudicial process$zUnited States.
=852  \\$aBritish Library$bDSC
=856  41$3Table of contents$uhttp://www.loc.gov/catdir/toc/ecip0517/2005021680.html
=CAT  \\$aBATCH-APP$b00$c20060608$lBLL01$h1317
=CAT  \\$c20060608$lBLL01$h1317
=CAT  \\$c20060608$lBLL01$h1324
=CAT  \\$a7732$b40$c20060721$lBLL01$h1350
=CAT  \\$a7732$b40$c20060721$lBLL01$h1351
=CAT  \\$a10896$b40$c20060725$lBLL01$h1157
=FIN  \\$aY$d20060721
=FMT  \\$a  BK
=LAS  \\$a10896$b40$c20060725$lBLL01$h1157
=SID  \\$aZ39$bLOC

