=LDR  01442 am a2200409 a 4500
=001  013488145
=003  Uk
=005  20181016101622.0
=008  020423s2002\\\\pk\\\\\\\\\\\\001\0\eng\\
=010  \\$a2002343169  
=020  \\$a0195797825
=025  \\$aP-U-2002343169; 04; 08
=040  \\$aDLC$cDLC$dDLC
=042  \\$alcode
=043  \\$aa------$af------
=050  00$aBP173.6$b.L49 2002
=082  00$a297.2/72$221
=100  1\$aLewis, Bernard,$d1916-2018.
=245  14$aThe political language of Islam /$cBernard Lewis.
=260  \\$aKarachi :$bOxford University Press,$c2002.
=300  \\$avii, 168 p. ;$c23 cm.
=336  \\$atext$2rdacontent
=337  \\$aunmediated$2rdamedia
=338  \\$avolume$2rdacarrier
=500  \\$aIncludes index.
=505  8\$aMachine generated contents note: 1 Metaphor and Allusion 1 -- 2 The Body Politic 24 -- 3 The Rulers and the Ruled 43 -- 4 War and Peace 71 -- 5 The Limits of Obedience 91.
=650  \0$aIslam and state.
=650  \0$aPolitical science$zIslamic Empire$xHistory.
=650  \0$aPolitical science$xTerminology.
=650  \0$aSumbolism in politics$zIslamic countries.
=852  \\$aBritish Library$bDSC
=856  41$3Table of contents$uhttp://www.loc.gov/catdir/toc/fy032/2002343169.html
=CAT  \\$a8157$b40$c20060608$lBLL01$h1721
=CAT  \\$a8962$b40$c20181016$lBLL01$h1016
=FMT  \\$a  BK
=LAS  \\$a8962$b40$c20181016$lBLL01$h1016
=SRC  \\$aBLL02$bpart.2.ai

