=LDR  01730aam a2200481 a 4500
=001  013499446
=003  Uk
=005  20071108221919.0
=008  060517s2006\\\\nyua\\\\\b\\\\001\0\eng\\
=010  \\$a  2006042002
=015  \\$aGBA657091$2bnb
=016  7\$a013499446$2Uk
=020  \\$a9780071441407 (pbk.) :$c£18.99
=020  \\$a0071441409 (pbk.) :$c£18.99
=040  \\$aStDuBDS$beng$cStDuBDS$dUk
=042  \\$aukblsr
=082  00$a617.0076$222
=245  10$aFirst exposure to general surgery /$cDanny Jacobs.
=260  \\$aNew York ;$aLondon :$bMcGraw-Hill,$c2006.
=300  \\$axii, 420 p. :$bill.
=336  \\$atext$2rdacontent
=337  \\$aunmediated$2rdamedia
=338  \\$avolume$2rdacarrier
=490  \\$aFirst exposure
=500  \\$aFormerly CIP.$5Uk
=504  \\$aIncludes bibliographical references and index.
=650  \0$aSurgery$vProblems, exercises, etc.
=650  12$aSurgical Procedures, Operative$xmethods.
=700  1\$aJacobs, Danny O.
=852  41$aBritish Library$bHMNTS
=856  42$3Contributor biographical information$uhttp://www.loc.gov/catdir/enhancements/fy0632/2006042002-b.html
=856  42$3Publisher description$uhttp://www.loc.gov/catdir/enhancements/fy0632/2006042002-d.html
=856  41$3Table of contents only$uhttp://www.loc.gov/catdir/enhancements/fy0632/2006042002-t.html
=BUF  \\$aN$d20061228
=CAT  \\$aBATCH-CIP$b00$c20060627$lBLL01$h1700
=CAT  \\$c20060627$lBLL01$h1703
=CAT  \\$c20060627$lBLL01$h1720
=CAT  \\$a11029$b40$c20061228$lBLL01$h1547
=CAT  \\$aBATCH-BUOC$b00$c20071108$lBLL01$h2219
=CAT  \\$aWR16_021$c20160614$lBLL01$h1815
=FIN  \\$aY$d20061228
=FMT  \\$a  BK
=LAS  \\$aWR16_021$b00$c20160614$lBLL01$h1815

