=LDR  01925aam a2200541 a 4500
=001  013499570
=003  Uk
=005  20180703173109.0
=008  060509s2006\\\\enka\\\j\\\\\\000\0\eng\\
=010  \\$a  2006020387
=015  \\$aGBA657215$2bnb
=016  7\$a013499570$2Uk
=020  \\$a9780415393102 (cased) :$cNo price
=020  \\$a0415393108 (cased) :$cNo price
=020  \\$a9780415393119 (pbk.) :$c£17.99
=020  \\$a0415393116 (pbk.) :$c£17.99
=040  \\$aStDuBDS$beng$cStDuBDS$dUk
=042  \\$aukblsr
=082  00$a791.43$222
=100  1\$aBenyahia, Sarah Casey.
=245  10$aAS film studies :$bthe essential introduction /$cSarah Casey Benyahia, Freddie Gaffney, John White.
=260  \\$aLondon :$bRoutledge,$c2006.
=300  \\$axvi, 350 p. :$bill. (chiefly col.).
=336  \\$atext$2rdacontent
=337  \\$aunmediated$2rdamedia
=338  \\$avolume$2rdacarrier
=500  \\$aFormerly CIP.$5Uk
=504  \\$aIncludes bibliographical references and index.
=650  \0$aMotion pictures.
=700  1\$aGaffney, Freddie,$d1964-
=700  1\$aWhite, John,$d1956-
=852  41$aBritish Library$bHMNTS
=856  41$3Table of contents only$uhttp://www.loc.gov/catdir/toc/ecip0615/2006020387.html
=856  42$3Publisher description$uhttp://www.loc.gov/catdir/enhancements/fy0701/2006020387-d.html
=BUF  \\$aN$d20070115
=CAT  \\$aBATCH-CIP$b00$c20060627$lBLL01$h1700
=CAT  \\$c20060627$lBLL01$h1703
=CAT  \\$c20060627$lBLL01$h1720
=CAT  \\$a11168$b40$c20070115$lBLL01$h1527
=CAT  \\$a12179$b40$c20070921$lBLL01$h1101
=CAT  \\$a12179$b40$c20070921$lBLL01$h1105
=CAT  \\$a12179$b40$c20070921$lBLL01$h1106
=CAT  \\$aBATCH-BUOC$b00$c20071122$lBLL01$h2200
=CAT  \\$aWR16_021$c20160614$lBLL01$h1815
=CAT  \\$aW1806-2088$c20180703$lBLL01$h1731
=FIN  \\$aY$d20070115
=FMT  \\$a  BK
=LAS  \\$aW1806-2088$b00$c20180703$lBLL01$h1731

