=LDR  02408aam a2200625 a 4500
=001  013500047
=003  Uk
=005  20070712213542.0
=008  051219s2006\\\\nyu\\\\\\b\\\\001\0\eng\\
=010  \\$a  2005058653
=015  \\$aGBA657692$2bnb
=016  7\$a013500047$2Uk
=020  \\$z9781403996688 (hbk.) :$c£25.00
=020  \\$a1403996687 (hbk.) :$c£25.00
=040  \\$aStDuBDS$beng$cStDuBDS$dUk
=042  \\$aukblsr
=043  \\$af-sa---
=050  00$aHQ76.3.A356$bS68 2006
=082  00$a306.766096809049$222
=100  1\$aSpurlin, William J.,$d1954-
=245  10$aImperialism within the margins :$bqueer representation and the politics of culture in southern Africa /$cWilliam J. Spurlin.
=250  \\$a1st ed.
=260  \\$aBasingstoke :$bPalgrave Macmillan,$c2006.
=300  \\$aix, 182 p. ;$c22 cm.
=336  \\$atext$2rdacontent
=337  \\$aunmediated$2rdamedia
=338  \\$avolume$2rdacarrier
=500  \\$aFormerly CIP.$5Uk
=504  \\$aIncludes bibliographical references (p. [166]-173) and index.
=650  \0$aHomosexuality$zAfrica, Southern.
=650  \0$aGays$zAfrica, Southern$xPolitical activity.
=650  \0$aSame-sex marriage$zAfrica, Southern.
=650  \0$aGays in popular culture$zAfrica, Southern.
=651  \0$aAfrica, Southern$xSocial life and customs.
=651  \0$aAfrica, Southern$xPolitics and government.
=690  7\$aSocial Welfare$2blcoll
=852  41$aBritish Library$bHMNTS
=856  42$3Contributor biographical information$uhttp://www.loc.gov/catdir/enhancements/fy0626/2005058653-b.html
=856  42$3Publisher description$uhttp://www.loc.gov/catdir/enhancements/fy0626/2005058653-d.html
=856  41$3Table of contents only$uhttp://www.loc.gov/catdir/enhancements/fy0626/2005058653-t.html
=BUF  \\$aN$d20061018
=CAT  \\$aBATCH-CIP$b00$c20060627$lBLL01$h1701
=CAT  \\$c20060627$lBLL01$h1704
=CAT  \\$c20060627$lBLL01$h1720
=CAT  \\$aBATCH$b00$c20060816$lBLL01$h1521
=CAT  \\$aBATCH$b00$c20060816$lBLL01$h1529
=CAT  \\$a9657$b40$c20061018$lBLL01$h1137
=CAT  \\$a11249$b40$c20061102$lBLL01$h0938
=CAT  \\$a8178$b40$c20061214$lBLL01$h1053
=CAT  \\$aBATCH-BUOC$b00$c20070712$lBLL01$h2135
=CAT  \\$aWR16_021$c20160614$lBLL01$h1816
=CAT  \\$aBATCH-SWP$c20160617$lBLL01$h2227
=FIN  \\$aY$d20061018
=FMT  \\$a  BK
=LAS  \\$aBATCH-SWP$b00$c20160617$lBLL01$h2227

