=LDR  01719 am a22004338a 4500
=001  013509448
=003  Uk
=005  20060712202504.8
=008  060405s2006\\\\pau\\\\\\b\\\\000\0\eng\\
=010  \\$a2006011620  
=020  \\$a081701490X (pbk. : alk. paper)
=040  \\$aDLC$cDLC$dDLC
=042  \\$apcc
=050  00$aBT892$b.F5 2006
=082  00$a236/.9$222
=100  1\$aFlesher, LeAnn Snow.
=245  10$aLeft behind? :$bthe facts behind the fiction /$cLeAnn Snow Flesher.
=260  \\$aValley Forge, PA :$bJudson Press,$c2006.
=263  \\$a0606
=300  \\$ap. cm.
=336  \\$atext$2rdacontent
=337  \\$aunmediated$2rdamedia
=338  \\$avolume$2rdacarrier
=504  \\$aIncludes bibliographical references.
=505  0\$aThe rise and fall of the Left behind series -- What is premillennial dispensationalism? -- The war against secular humanism -- The battle for the Bible -- The biblical books of Daniel and Revelation -- Before the tribulation begins -- The Left behind story and the book of Revelation -- Implications for the church.
=600  10$aLaHaye, Tim,$d1926-2016.$tLeft behind series.
=630  00$aBible$xCriticism, interpretation, etc.
=650  \0$aMillennialism.
=650  \0$aMillennium (Eschatology)
=650  \0$aRapture (Christian eschatology)
=650  \0$aDispensationalism.
=852  \\$aBritish Library$bDSC
=856  41$3Table of contents$uhttp://www.loc.gov/catdir/toc/ecip0612/2006011620.html
=CAT  \\$aBATCH-APP$b00$c20060714$lBLL01$h1038
=CAT  \\$aBATCH$b00$c20060714$lBLL01$h1038
=CAT  \\$aBATCH$b00$c20060714$lBLL01$h1040
=CAT  \\$aBATCH-UPD$b00$c20160727$lBLL01$h2027
=FMT  \\$a  BK
=LAS  \\$aBATCH-UPD$b00$c20160727$lBLL01$h2027

