=LDR  02277aam a2200565 a 4500
=001  013522282
=003  Uk
=005  20071213214540.0
=008  060310s2007\\\\enk\\\\\\\\\\\000\0\eng\\
=010  \\$a  2006025140
=015  \\$aGBA666426$2bnb
=016  7\$a013522282$2Uk
=020  \\$a9780415355469 (pbk.) :$c£18.99
=020  \\$a041535546X (pbk.) :$c£18.99
=040  \\$aStDuBDS$beng$cStDuBDS$dUk
=042  \\$aukblsr
=082  00$a612$222
=100  1\$aMcLaughlin, Daniel P.
=245  10$aInstant notes in human physiology /$cDaniel McLaughlin, Jonathan A. Stamford and David A. White.
=260  \\$aLondon :$bTaylor & Francis,$c2007.
=300  \\$ax, 460 p.
=336  \\$atext$2rdacontent
=337  \\$aunmediated$2rdamedia
=338  \\$avolume$2rdacarrier
=490  1\$aBIOS instant notes series
=500  \\$aFormerly CIP.$5Uk
=504  \\$aIncludes bibliographical references and index.
=505  0\$aPhysiological concepts -- The cell -- Tissues of the body -- The heart and circulatory system -- The lungs and respiration -- Neurophysiology -- The brain -- The spinal cord and peripheral nervous system -- Comparative physiology of skeletal and smooth muscle -- The gastrointestinal tract -- The endocrine system -- Reproduction -- The renal system, body fluids, and excretion.
=650  \0$aHuman physiology.
=650  \0$aHuman physiology$vHandbooks, manuals, etc.
=650  12$aPhysiological Processes.
=650  22$aPhysiology.
=700  1\$aStamford, J. A.
=700  1\$aWhite, David A.,$cPh. D.
=830  \0$aBIOS instant notes series
=852  41$aBritish Library$bHMNTS
=856  41$3Table of contents only$uhttp://www.loc.gov/catdir/toc/ecip0618/2006025140.html
=BUF  \\$aN$d20070202
=CAT  \\$aBATCH-CIP$b00$c20060801$lBLL01$h1700
=CAT  \\$aBATCH$b00$c20060801$lBLL01$h1702
=CAT  \\$aBATCH$b00$c20060801$lBLL01$h1710
=CAT  \\$aBATCH-UPD$b00$c20060807$lBLL01$h2019
=CAT  \\$a12327$b40$c20070202$lBLL01$h1102
=CAT  \\$aBATCH-BUOC$b00$c20071213$lBLL01$h2145
=CAT  \\$aBATCH$b00$c20091217$lBLL01$h0427
=CAT  \\$aBATCH$b00$c20100103$lBLL01$h1221
=CAT  \\$aWR16_021$c20160615$lBLL01$h1808
=FIN  \\$aY$d20070202
=FMT  \\$a  BK
=LAS  \\$aWR16_021$b00$c20160615$lBLL01$h1808

