=LDR  01719cam a2200469 a 4500
=001  013526140
=003  Uk
=005  20060811110306.0
=008  060206s2005\\\\it\\\\\\\b\\\\001\0\ita\d
=010  \\$a2006350343
=020  \\$a8822255062 :$c22.00 EUR
=035  \\$a(ItFiC)it 0602050X
=040  \\$aItFiC$cItFiC$dDLC$dUk
=042  \\$alccopycat
=050  00$aJC179.M8$bF45 2005
=100  1\$aFelice, Domenico.
=245  10$aPer una scienza universale dei sistemi politico-sociali :$bdispotismo, autonomia della giustizia e carattere delle nazioni nell'Esprit des lois di Montesquieu /$cDomenico Felice.
=260  \\$a[Firenze] :$bL.S. Olschki,$c2005.
=300  \\$aix, 210 p. ;$c24 cm.
=336  \\$atext$2rdacontent
=337  \\$aunmediated$2rdamedia
=338  \\$avolume$2rdacarrier
=490  1\$aPansophia ;$v6
=504  \\$aIncludes bibliographical references and index.
=600  10$aMontesquieu, Charles de Secondat,$cbaron de,$d1689-1755.$tDe l'esprit des lois.
=650  \0$aPolitical science.
=830  \0$aPansophia ;$v6.
=852  41$aBritish Library$bDSC
=856  41$3Table of contents$uhttp://www.loc.gov/catdir/toc/casalini02/0602050X.pdf
=985  \\$aProvisional record - DSC
=CAT  \\$a4861$b40$c20060807$lBLL01$h1721
=CAT  \\$a10775$b40$c20060811$lBLL01$h1056
=CAT  \\$a10775$b40$c20060811$lBLL01$h1103
=CAT  \\$aBATCH-UPD$b40$c20070211$lBLL01$h1849
=CAT  \\$aBATCH$b00$c20091217$lBLL01$h0428
=CAT  \\$aBATCH$b00$c20100103$lBLL01$h1222
=CAT  \\$aBATCH-UPD$b00$c20110131$lBLL01$h2031
=CAT  \\$aW2308-1659$c20230923$lBLL01$h0925
=FIN  \\$aY$d20060811
=FMT  \\$a  BK
=LAS  \\$aW2308-1659$b00$c20230923$lBLL01$h0925
=SID  \\$aZ39$bLOC

