=LDR  02265aam a2200541 a 4500
=001  013532098
=003  Uk
=005  20070329213716.0
=008  060609s2007\\\\caua\\\\\b\\\\000\0\eng\\
=010  \\$a  2006019148
=015  \\$aGBA670208$2bnb
=016  7\$a013532098$2Uk
=020  \\$a9780787983567 (cased) :$c£16.99
=020  \\$a078798356X (cased) :$c£16.99
=040  \\$aStDuBDS$beng$cStDuBDS$dUk
=042  \\$aukblsr
=050  00$aHB2583$b.C67 2007
=082  00$a332.024014$222
=100  1\$aCorbett, David D.,$d1937-
=245  10$aPortfolio life :$bthe new path to work, purpose, and passion after 50 /$cDavid Corbett with Richard Higgins.
=260  \\$aSan Francisco, Calif. :$bJossey-Bass ;$aChichester :$bJohn Wiley [distributor],$c2007.
=300  \\$axiii, 191 p. :$bill. ;$c24 cm.
=336  \\$atext$2rdacontent
=337  \\$aunmediated$2rdamedia
=338  \\$avolume$2rdacarrier
=500  \\$aFormerly CIP.$5Uk
=504  \\$aIncludes bibliographical references (p. 181-188).
=505  0\$aTrailblazing -- A new beginning -- New realities -- Portfolio life -- Steps toward portfolio -- Time to give back -- Closing the gap -- Listen to your life -- Steps and tools in assessment -- The portfolio frame of mind -- Five paths to a new mind-set -- Anchors in a sea of change -- Planning for success -- Moving into portfolio -- Pockets of turbulence -- The goal beyond.
=650  \0$aLife span, Productive.
=650  \0$aSelf-evaluation.
=650  \0$aPost-retirement employment.
=650  \0$aSuccess.
=650  \0$aRetirement$xPlanning.
=690  7\$aManagement and Business Studies$2blcoll
=700  1\$aHiggins, Richard,$d1952-
=852  41$aBritish Library$bHMNTS
=856  41$3Table of contents only$uhttp://www.loc.gov/catdir/toc/ecip0616/2006019148.html
=BUF  \\$aN$d20070227
=CAT  \\$aBATCH-CIP$b00$c20060815$lBLL01$h1701
=CAT  \\$aBATCH$b00$c20060815$lBLL01$h1702
=CAT  \\$aBATCH$b00$c20060815$lBLL01$h1711
=CAT  \\$a11168$b40$c20070227$lBLL01$h0918
=CAT  \\$aBATCH-BUOC$b00$c20070329$lBLL01$h2137
=CAT  \\$aWR16_021$c20160615$lBLL01$h1810
=CAT  \\$aBATCH-MBS$c20160624$lBLL01$h2103
=FIN  \\$aY$d20070227
=FMT  \\$a  BK
=LAS  \\$aBATCH-MBS$b00$c20160624$lBLL01$h2103

