=LDR  01910aam a2200493 a 4500
=001  013536937
=003  Uk
=005  20080110214453.0
=008  060725s2006\\\\nju\\\\\\b\\\\001\0beng\\
=010  \\$a  2006009317
=015  \\$aGBA672029$2bnb
=016  7\$a013536937$2Uk
=020  \\$a9780471783763 (hbk.) :$c£16.99
=020  \\$a0471783765 (hbk.) :$c£16.99
=040  \\$aStDuBDS$beng$cStDuBDS$dUk
=042  \\$aukblsr
=082  00$a791.43028092$222
=100  1\$aConsidine-Meara, Eileen,$d1963-
=245  10$aAt home with Kate :$bgrowing up in Katharine Hepburn's household /$cEileen Considine-Meara.
=260  \\$aHoboken, N.J. :$bWiley ;$aChichester :$bJohn Wiley [distributor],$c2006.
=300  \\$aix, 230 p.
=336  \\$atext$2rdacontent
=337  \\$aunmediated$2rdamedia
=338  \\$avolume$2rdacarrier
=500  \\$aFormerly CIP.$5Uk
=504  \\$aIncludes bibliographical references and index.
=600  10$aHepburn, Katharine,$d1907-2003.
=600  10$aConsidine-Meara, Eileen,$d1963-
=650  \0$aMotion picture actors and actresses$zUnited States$vBiography.
=852  41$aBritish Library$bHMNTS
=856  41$3Table of contents only$uhttp://www.loc.gov/catdir/toc/ecip0610/2006009317.html
=856  42$3Contributor biographical information$uhttp://www.loc.gov/catdir/enhancements/fy0805/2006009317-b.html
=856  42$3Publisher description$uhttp://www.loc.gov/catdir/enhancements/fy0805/2006009317-d.html
=BUF  \\$aN$d20070226
=CAT  \\$aBATCH-CIP$b00$c20060822$lBLL01$h1701
=CAT  \\$aBATCH$b00$c20060822$lBLL01$h1703
=CAT  \\$aBATCH$b00$c20060822$lBLL01$h1715
=CAT  \\$a12323$b40$c20070226$lBLL01$h1358
=CAT  \\$a12323$b40$c20070226$lBLL01$h1359
=CAT  \\$aBATCH-BUOC$b00$c20080110$lBLL01$h2144
=CAT  \\$aWR16_021$c20160615$lBLL01$h1811
=FIN  \\$aY$d20070226
=FMT  \\$a  BK
=LAS  \\$aWR16_021$b00$c20160615$lBLL01$h1811

