=LDR  02050aam a2200553 a 4500
=001  013537110
=003  Uk
=005  20070419213752.0
=008  060428s2007\\\\caua\\\\\b\\\\001\0\eng\\
=010  \\$a  2006014166
=015  \\$aGBA672202$2bnb
=016  7\$a013537110$2Uk
=020  \\$a9780787984632 (pbk.) :$c£15.99
=020  \\$a0787984639 (pbk.) :$c£15.99
=040  \\$aStDuBDS$beng$cStDuBDS$dUk
=042  \\$aukblsr
=050  00$aBF774$b.B265 2007
=082  00$a153.85$222
=100  1\$aBarnes, B. Kim.
=245  10$aExercising influence :$ba guide for making things happen at work, at home, and in your community /$cB. Kim Barnes.
=250  \\$aRev. ed.
=260  \\$aSan Francisco, Calif. :$bPfeiffer ;$aChichester :$bJohn Wiley [distributor],$cc2007.
=300  \\$aix, 186 p. :$bill. ;$c23 cm.
=336  \\$atext$2rdacontent
=337  \\$aunmediated$2rdamedia
=338  \\$avolume$2rdacarrier
=490  1\$aPfeiffer essential resources for training and HR professionals
=500  \\$aFormerly CIP.$5Uk
=500  \\$a"An essential tools resource"--P. [4] of cover.
=504  \\$aIncludes bibliographical references (p. 173-176) and index.
=650  \0$aInfluence (Psychology)
=650  \0$aPersuasion (Psychology)
=650  \0$aCompliance.
=830  \0$aPfeiffer essential resources for training and HR professionals.
=852  41$aBritish Library$bHMNTS
=856  41$3Table of contents only$uhttp://www.loc.gov/catdir/toc/ecip0613/2006014166.html
=BUF  \\$aN$d20070227
=CAT  \\$aBATCH-CIP$b00$c20060822$lBLL01$h1701
=CAT  \\$aBATCH$b00$c20060822$lBLL01$h1703
=CAT  \\$aBATCH$b00$c20060822$lBLL01$h1715
=CAT  \\$a12324$b40$c20070227$lBLL01$h1622
=CAT  \\$aBATCH-BUOC$b00$c20070419$lBLL01$h2137
=CAT  \\$aBATCH$b00$c20091217$lBLL01$h0429
=CAT  \\$aBATCH$b00$c20100103$lBLL01$h1223
=CAT  \\$aWR16_021$c20160615$lBLL01$h1811
=CAT  \\$aBATCH-UPD$b00$c20160615$lBLL01$h1909
=FIN  \\$aY$d20070227
=FMT  \\$a  BK
=LAS  \\$aBATCH-UPD$b00$c20160615$lBLL01$h1909

