=LDR  01928aam a2200481 a 4500
=001  013542279
=003  Uk
=005  20070405213526.0
=008  060512s2006\\\\cau\\\\\\b\\\\000\0\eng\\
=010  \\$a  2006015993
=015  \\$aGBA675152$2bnb
=016  7\$a013542279$2Uk
=020  \\$a9781578633869 (pbk.) :$c£10.99
=020  \\$a1578633869 (pbk.) :$c£10.99
=040  \\$aStDuBDS$beng$cStDuBDS$dUk
=042  \\$aukblsr
=050  00$aBF1099.L82$bB45 2006
=082  00$a135.3$222
=100  1\$aBelanger, Michelle A.
=245  10$aPsychic dreamwalking :$bexplorations at the edge of self /$cMichelle Belanger.
=260  \\$aYork Beach, Me. :$bWeiser ;$aEnfield :$bPublishers Group UK [distributor],$c2006.
=300  \\$a205 p. ;$c22 cm.
=336  \\$atext$2rdacontent
=337  \\$aunmediated$2rdamedia
=338  \\$avolume$2rdacarrier
=500  \\$aFormerly CIP.$5Uk
=504  \\$aIncludes bibliographical references (p. [206]- 207).
=505  0\$aIntroduction: a little girl's dream -- The stuff of dreams -- Explorations at the edge of self -- The shifting boundaries of dream -- Preparing the way -- Opening the gates of dream -- Riding the twilight -- Remembering your dreams -- Lucid dreams -- Invading the dreamspace -- Sex in the dreamspace -- Lines of flesh and spirit.
=650  \0$aLucid dreams.
=650  \0$aDreams.
=650  \0$aAstral projection.
=852  41$aBritish Library$bHMNTS
=856  41$3Table of contents only$uhttp://www.loc.gov/catdir/toc/ecip0614/2006015993.html
=BUF  \\$aN$d20070330
=CAT  \\$aBATCH-CIP$b00$c20060829$lBLL01$h1702
=CAT  \\$aBATCH$b00$c20060829$lBLL01$h1703
=CAT  \\$aBATCH$b00$c20060829$lBLL01$h1715
=CAT  \\$a12324$b40$c20070330$lBLL01$h1437
=CAT  \\$aBATCH-BUOC$b00$c20070405$lBLL01$h2135
=CAT  \\$aWR16_021$c20160615$lBLL01$h1812
=FIN  \\$aY$d20070330
=FMT  \\$a  BK
=LAS  \\$aWR16_021$b00$c20160615$lBLL01$h1812

