=LDR  01462aam a2200445 a 4500
=001  013542318
=003  Uk
=005  20070322213632.0
=008  060420s2006\\\\utua\\\\\\\\\\000\0\eng\\
=010  \\$a  2006013466
=015  \\$aGBA675191$2bnb
=016  7\$a013542318$2Uk
=020  \\$a1586858106 (hbk.) :$c£35.00
=040  \\$aStDuBDS$beng$cStDuBDS$dUk
=042  \\$aukblsr
=043  \\$an-usp--
=050  00$aNA7561$b.K95 2006
=082  00$a728.37$222
=100  1\$aKylloe, Ralph R.
=245  14$aThe rustic home /$cwritten & photographed by Ralph Kylloe.
=250  \\$a1st ed.
=260  \\$aSalt Lake City, Utah :$bGibbs Smith ;$aEnfield :$bPublishers Group UK [distributor],$c2006.
=300  \\$a256 p. :$bcol. ill. ;$c32 cm.
=336  \\$atext$2rdacontent
=337  \\$aunmediated$2rdamedia
=338  \\$avolume$2rdacarrier
=500  \\$aFormerly CIP.$5Uk
=650  \0$aCountry homes$zWest (U.S.)
=852  41$aBritish Library$bHMNTS
=856  41$3Table of contents only$uhttp://www.loc.gov/catdir/toc/ecip0612/2006013466.html
=BUF  \\$aN$d20070228
=CAT  \\$aBATCH-CIP$b00$c20060829$lBLL01$h1702
=CAT  \\$aBATCH$b00$c20060829$lBLL01$h1703
=CAT  \\$aBATCH$b00$c20060829$lBLL01$h1715
=CAT  \\$a6923$b40$c20070228$lBLL01$h1407
=CAT  \\$aBATCH-BUOC$b00$c20070322$lBLL01$h2136
=CAT  \\$aWR16_021$c20160615$lBLL01$h1813
=FIN  \\$aY$d20070228
=FMT  \\$a  BK
=LAS  \\$aWR16_021$b00$c20160615$lBLL01$h1813

