=LDR  01682aam a2200445 a 4500
=001  013542332
=003  Uk
=005  20080117214711.0
=008  060626s2007\\\\mnua\\\\\\\\\\000\0\eng\\
=010  \\$a  2006021438
=015  \\$aGBA675205$2bnb
=016  7\$a013542332$2Uk
=020  \\$a9781589232716 (pbk.) :$c£12.99
=020  \\$a1589232712 (pbk.) :$c£12.99
=040  \\$aStDuBDS$beng$cStDuBDS$dUk
=042  \\$aukblsr
=082  00$a746.95$222
=245  04$aThe complete photo guide to slipcovers :$btransform your furniture with classic or casual covers /$cedited by Linda Neubauer.
=260  \\$aMankato, Minn. :$bCreative ;$aHove :$bRotoVision [distributor],$c2007.
=300  \\$a112 p. :$bcol. ill. ;$c28 cm.
=336  \\$atext$2rdacontent
=337  \\$aunmediated$2rdamedia
=338  \\$avolume$2rdacarrier
=500  \\$aFormerly CIP.$5Uk
=650  \0$aSlip covers.
=700  1\$aNeubauer, Linda.
=852  41$aBritish Library$bHMNTS
=856  41$3Table of contents only$uhttp://www.loc.gov/catdir/toc/ecip0616/2006021438.html
=856  42$3Publisher description$uhttp://www.loc.gov/catdir/enhancements/fy0661/2006021438-d.html
=856  42$3Contributor biographical information$uhttp://www.loc.gov/catdir/enhancements/fy0737/2006021438-b.html
=BUF  \\$aN$d20070301
=CAT  \\$aBATCH-CIP$b00$c20060829$lBLL01$h1702
=CAT  \\$aBATCH$b00$c20060829$lBLL01$h1703
=CAT  \\$aBATCH$b00$c20060829$lBLL01$h1715
=CAT  \\$a12493$b40$c20070301$lBLL01$h1549
=CAT  \\$aBATCH-BUOC$b00$c20080117$lBLL01$h2147
=CAT  \\$aWR16_021$c20160615$lBLL01$h1813
=FIN  \\$aY$d20070301
=FMT  \\$a  BK
=LAS  \\$aWR16_021$b00$c20160615$lBLL01$h1813

