=LDR  02478cam a2200661 a 4500
=001  013547271
=003  Uk
=005  20220331223934.0
=008  060926s2007\\\\mauab\\\\b\\\\001\0\eng\\
=010  \\$a  2006032075
=015  \\$aGBA676527$2bnb
=016  7\$a013547271$2Uk
=020  \\$a9781405129763 (pbk.) :$c£24.99
=020  \\$a140512976X (pbk.) :$c£24.99
=040  \\$aStDuBDS$beng$cStDuBDS$dUk
=042  \\$aukblsr
=050  00$aQC880.4.C79$bS57 2007
=082  00$a551.31$222
=100  10$aSlaymaker, Olav,$d1939-
=245  14$aThe cryosphere and global environmental change /$cby Olav Slaymaker and Richard E.J. Kelly.
=260  \\$aOxford :$bBlackwell,$c2007.
=300  \\$axviii, 261 p. :$bill. (some col.), maps (some col.) ;$c25 cm.
=336  \\$atext$2rdacontent
=337  \\$aunmediated$2rdamedia
=338  \\$avolume$2rdacarrier
=490  1\$aEnvironmental systems and global change series
=500  \\$aFormerly CIP.$5Uk
=504  \\$aIncludes bibliographical references (p. [225]-253) and index.
=540  \\$aCurrent Copyright Fee: GBP32.00$c0$5Uk
=650  \0$aCryosphere$vTextbooks.
=650  \0$aGlobal environmental change$vTextbooks.
=650  \0$aFrozen ground$vTextbooks.
=650  \0$aClimatic changes$vTextbooks.
=650  \0$aGlobal warming$vTextbooks.
=700  1\$aKelly, Richard E. J.
=830  \0$aEnvironmental systems and global change series.
=852  11$aBritish Library$bSTI$k(B)$h551.31
=852  \\$aBritish Library$bDSC
=856  41$3Table of contents only$uhttp://www.loc.gov/catdir/toc/ecip072/2006032075.html
=BUF  \\$aN$d20070202
=CAT  \\$aBATCH-CIP$b00$c20060905$lBLL01$h1701
=CAT  \\$aBATCH$b00$c20060905$lBLL01$h1703
=CAT  \\$aBATCH$b00$c20060905$lBLL01$h1715
=CAT  \\$aBATCH$b00$c20061207$lBLL01$h1038
=CAT  \\$aBATCH$b00$c20061207$lBLL01$h1045
=CAT  \\$a8411$b40$c20070202$lBLL01$h0939
=CAT  \\$a12493$b40$c20070326$lBLL01$h1040
=CAT  \\$aBATCH-BUOC$b00$c20070426$lBLL01$h2136
=CAT  \\$aBATCH$b00$c20091217$lBLL01$h0431
=CAT  \\$aBATCH$b00$c20100103$lBLL01$h1225
=CAT  \\$aBATCH-UPD$b00$c20150513$lBLL01$h1802
=CAT  \\$aWR16_021$c20160615$lBLL01$h1813
=CAT  \\$aBATCH-CLAB$c20220330$lBLL01$h1652
=CAT  \\$aIPL-CLA$c20220331$lBLL01$h2239
=CFI  0\$aCurrent Copyright Fee: GBP32.00$c0$e01-apr-2022$fGBP32.00$g0$hC$5Uk
=FIN  \\$aY$d20070202
=FMT  \\$a  BK
=LAS  \\$aIPL-CLA$b00$c20220331$lBLL01$h2239

