=LDR  02940aam a2200541 a 4500
=001  013552400
=003  Uk
=005  20070329213719.0
=008  060508s2007\\\\njua\\\\\\\\\\001\0\eng\\
=010  \\$a  2006015377
=015  \\$aGBA678433$2bnb
=016  7\$a013552400$2Uk
=020  \\$a9780470043981 (pbk.) :$c£12.99
=020  \\$a0470043989 (pbk.) :$c£12.99
=040  \\$aStDuBDS$beng$cStDuBDS$dUk
=042  \\$aukblsr
=043  \\$an-us---
=050  00$aHD255$b.K389 2007
=082  00$a332.6324$222
=100  1\$aKennedy, Diane,$d1956-
=245  14$aThe insider's guide to tax-free real estate investments :$bretire rich using your IRA /$cDiane Kennedy, Dolf de Roos.
=260  \\$aChichester :$bWiley,$cc2007.
=300  \\$aix, 246 p. :$bill. ;$c23 cm.
=336  \\$atext$2rdacontent
=337  \\$aunmediated$2rdamedia
=338  \\$avolume$2rdacarrier
=500  \\$aFormerly CIP.$5Uk
=500  \\$aIncludes index.
=505  0\$aWhy traditional thinking isn't going to work any more -- Why some retirement plans are failing -- How much is enough -- Another ticking tax bomb -- Alternative plans for work and retirement -- Getting rich in today's world -- Saving for retirement -- New strategies for new plans -- Putting your money to work -- More secrets your financial planners never told you -- Distributions from your pension fund -- Strategies to make your money work even harder with less effort -- The IRA or tax-free LLC : control from a distance -- The nuts and bolts of setting up, maintaining and running your IRA or tax-free LLC -- Tricks and traps of leverage -- Leveraging your money -- The consequences of leveraging -- Business tips, real estate flips and power trips -- What kind of real estate should you buy (and how do you find it) -- What kind of businesses should you buy (and how do you do it) -- Investing beyond our borders -- It's never too late -- What if you're 40+ and have no pension? -- What if you've got all your money tied up in a 401(k)? -- Is real estate over?.
=650  \0$aReal estate investment$zUnited States.
=650  \0$aReal estate investment$xTaxation$zUnited States.
=650  \0$aRetirement income$zUnited States$xPlanning.
=650  \0$aRetirement income$xTaxation$zUnited States.
=690  7\$aManagement and Business Studies$2blcoll
=700  1\$aDe Roos, Dolf.
=852  41$aBritish Library$bHMNTS
=856  41$3Table of contents only$uhttp://www.loc.gov/catdir/toc/ecip0613/2006015377.html
=BUF  \\$aN$d20070227
=CAT  \\$aBATCH-CIP$b00$c20060912$lBLL01$h1701
=CAT  \\$aBATCH$b00$c20060912$lBLL01$h1703
=CAT  \\$aBATCH$b00$c20060912$lBLL01$h1715
=CAT  \\$a11168$b40$c20070227$lBLL01$h0938
=CAT  \\$aBATCH-BUOC$b00$c20070329$lBLL01$h2137
=CAT  \\$aWR16_021$c20160615$lBLL01$h1815
=CAT  \\$aBATCH-MBS$c20160624$lBLL01$h2103
=FIN  \\$aY$d20070227
=FMT  \\$a  BK
=LAS  \\$aBATCH-MBS$b00$c20160624$lBLL01$h2103

