=LDR  01686 am a2200481 a 4500
=001  013555167
=003  Uk
=005  20070830170451.0
=008  061206s2006\\\\oncac\\\\b\\\\001\0\eng\d
=010  \\$a2006497476
=015  \\$aGBA769814$2bnb
=016  \\$a20059056029
=016  7\$a013555167$2Uk
=020  \\$a9780470835807 (cased) :$cNo price
=020  \\$a047083580X (cased) :$cNo price
=035  \\$a(OCoLC)ocm61476324
=035  \\$a(OCoLC)61476324
=040  \\$aNLC$beng$cNLC$dBAKER$dC#P$dYDXCP$dOCLCQ$dDLC$dUk
=042  \\$aukblsr
=050  00$aRC467$b.H77 2006
=082  04$a616.89$222
=100  1\$aHunsley, John,$d1959-
=245  10$aIntroduction to clinical psychology :$ban evidence-based approach /$cJohn Hunsley, Catherine M. Lee.
=260  \\$aMississauga, Ont. :$bJohn Wiley & Sons Canada,$cc2006.
=300  \\$axxv, 594 p. :$bill., ports. ;$c25 cm.
=336  \\$atext$2rdacontent
=337  \\$aunmediated$2rdamedia
=338  \\$avolume$2rdacarrier
=504  \\$aIncludes bibliographical references and index.
=650  \0$aClinical psychology$vTextbooks.
=700  1\$aLee, Catherine M.$q(Catherine Mary),$d1955-
=852  41$aBritish Library$bHMNTS
=856  41$3Table of contents only$uhttp://www.loc.gov/catdir/enhancements/fy0654/2006497476-t.html
=CAT  \\$a10876$b40$c20060915$lBLL01$h1306
=CAT  \\$a10876$b40$c20060915$lBLL01$h1307
=CAT  \\$a5751$b40$c20070830$lBLL01$h1406
=CAT  \\$a5751$b40$c20070830$lBLL01$h1704
=CAT  \\$aBATCH$b00$c20160608$lBLL01$h1614
=CAT  \\$aWR16_021$c20160609$lBLL01$h1443
=FIN  \\$aY$d20070830
=FMT  \\$a  BK
=LAS  \\$aWR16_021$b00$c20160609$lBLL01$h1443
=SRC  \\$aBLL02

