=LDR  01466 am a22004098a 4500
=001  013560815
=003  Uk
=005  20060816193442.1
=008  060303s2006\\\\mdu\\\\\\b\\\\001\0\eng\\
=010  \\$a2006007499  
=020  \\$a0742532747 (cloth : alk. paper)
=040  \\$aDLC$cDLC$dDLC
=042  \\$apcc
=050  00$aBS680.V56$bK37 2006
=082  00$a296.7$222
=100  10$aKaplan, Kalman J.
=245  14$aThe seven habits of the good life :$bhow the biblical virtues free us from the seven deadly sins /$cKalman J. Kaplan and Matthew B. Schwartz.
=260  \\$aLanham, Md. :$bRowman & Littlefield Publishers,$c2006.
=263  \\$a0609
=300  \\$ap. cm.
=336  \\$atext$2rdacontent
=337  \\$aunmediated$2rdamedia
=338  \\$avolume$2rdacarrier
=504  \\$aIncludes bibliographical references and index.
=505  0\$aSelf-esteem -- Wisdom -- Righteousness -- Love -- Healthy appetite -- Prudence -- Purpose.
=630  00$aBible$xPsychology.
=650  \0$aVirtues$xBiblical teaching.
=650  \0$aDeadly sins.
=700  1\$aSchwartz, Matthew B.
=852  \\$aBritish Library$bDSC
=856  41$3Table of contents$uhttp://www.loc.gov/catdir/toc/ecip0610/2006007499.html
=CAT  \\$aBATCH-APP$b00$c20060925$lBLL01$h1018
=CAT  \\$aBATCH$b00$c20060925$lBLL01$h1019
=CAT  \\$aBATCH$b00$c20060925$lBLL01$h1021
=CAT  \\$aBATCH-UPD$b00$c20150715$lBLL01$h2136
=FMT  \\$a  BK
=LAS  \\$aBATCH-UPD$b00$c20150715$lBLL01$h2136

