=LDR  01635 am a2200505 a 4500
=001  013574013
=003  Uk
=005  20061124120323.0
=008  050317s2006\\\\njua\\\\\b\\\\001\0\eng\\
=010  \\$a  2005007778
=016  \\$a101272861
=016  7\$a013574013$2Uk
=020  \\$a9781588296702
=020  \\$a1588296709 (cased)
=020  \\$a1592599923 (ebook)
=035  \\$a(OCoLC)ocm58563406
=040  \\$aDLC$cDLC$dBAKER$dC#P$dNLM$dDLC$dUk
=042  \\$aukblsr
=050  00$aRC930.5$b.B678 2006
=060  00$a2006 D-693
=060  10$aWE 200$bB718b 2006
=082  00$a616.710754$222
=100  10$aBonnick, Sydney Lou.
=245  10$aBone densitometry for technologists /$cSydney Lou Bonnick, Lori Ann Lewis.
=250  \\$a2nd ed.
=260  \\$aTotowa, N.J. :$bHumana Press,$cc2006.
=300  \\$axxi, 416 p. :$bill. ;$c24 cm. +$e1 CD-ROM (4 3/4 in.)
=336  \\$atext$2rdacontent
=337  \\$aunmediated$2rdamedia
=338  \\$avolume$2rdacarrier
=504  \\$aIncludes bibliographical references and index.
=650  \0$aBone densitometry.
=650  12$aDensitometry$xmethods.
=650  22$aBone Density$xphysiology.
=700  1\$aLewis, Lori Ann.
=852  41$aBritish Library$bDSC
=856  41$3Table of contents$uhttp://www.loc.gov/catdir/toc/ecip059/2005007778.html
=CAT  \\$a10982$b40$c20061011$lBLL01$h1131
=CAT  \\$a6632$b40$c20061124$lBLL01$h1203
=CAT  \\$aBATCH-UPD$b40$c20160605$lBLL01$h0051
=CAT  \\$aBATCH$b00$c20160608$lBLL01$h1614
=CAT  \\$aWR16_021$c20160609$lBLL01$h1443
=FIN  \\$aY$d20061124
=FMT  \\$a  BK
=LAS  \\$aWR16_021$b00$c20160609$lBLL01$h1443

