=LDR  03203aam a2200601 a 4500
=001  013578061
=003  Uk
=005  20070329213720.0
=008  060130s2006\\\\ilu\\\\\\b\\\s001\0\eng\\
=010  \\$a  2006003040
=015  \\$aGBA687592$2bnb
=016  7\$a013578061$2Uk
=020  \\$a9780252031489 (hbk.) :$c£44.00
=020  \\$a0252031482 (hbk.) :$c£44.00
=020  \\$a9780252073946 (pbk.) :$c£14.99
=020  \\$a0252073940 (pbk.) :$c£14.99
=040  \\$aStDuBDS$beng$cStDuBDS$dUk
=042  \\$aukblsr
=043  \\$an-us---
=050  00$aE185.615$b.B54665 2006
=082  00$a323.1196073$222
=245  00$aBlack power in the belly of the beast /$cedited by Judson L. Jeffries ; foreword by Tiyi M. Morris.
=260  \\$aUrbana, Ill. :$bUniversity of Illinois Press ;$a[Chesham :$bCombined Academic, distributor],$cc2006.
=300  \\$aix, 319 p. ;$c25 cm.
=336  \\$atext$2rdacontent
=337  \\$aunmediated$2rdamedia
=338  \\$avolume$2rdacarrier
=500  \\$aFormerly CIP.$5Uk
=504  \\$aIncludes bibliographical references and index.
=505  0\$aA retrospective look at the Black power movement / Judson L. Jeffries -- The deacons for defense and justice / Christopher B. Strain -- Imamu Baraka, the Newark Congress of African People and Black Power politics / Komozi Woodard -- Us does not stand for united slaves! / Floyd W. Hayes III and Judson L. Jeffries -- The Republic of New Africa in Mississippi / Donald Cunnigen -- Sons of Watts / Douglas G. Glasgow -- The league of Revolutionary Black Workers / James A. Geschwender and Judson L. Jeffries -- The defenders / Harold A. Nelson -- An unexamined chapter of Black Panther history / Judson L. Jeffries -- The black Liberation Army and the radical legacy of the Black Panther Party / Akinyele O. Umoja -- RAM: the revolutionary action movement / Akbar Muhammad Ahmad -- The black liberators : a historical perspective / William B. Helmreich -- The fall and legacy of the Black Power movement / Judson L. Jeffries.
=610  20$aBlack Panther Party.
=650  \0$aBlack power$zUnited States$xHistory.
=650  \0$aBlack militant organizations$zUnited States$xHistory$y20th century.
=650  \0$aAfrican Americans$xCivil rights$xHistory$y20th century.
=650  \0$aCivil rights movements$zUnited States$xHistory$y20th century.
=650  \0$aAfrican Americans$xPolitics and government$y20th century.
=651  \0$aUnited States$xRace relations.
=700  1\$aJeffries, J. L.$q(Judson L.),$d1965-
=852  \\$aBritish Library$bDSC
=856  41$3Table of contents only$uhttp://www.loc.gov/catdir/toc/ecip068/2006003040.html
=BUF  \\$aN$d20061221
=CAT  \\$aBATCH-CIP$b00$c20061017$lBLL01$h1701
=CAT  \\$aBATCH$b00$c20061017$lBLL01$h1702
=CAT  \\$aBATCH$b00$c20061017$lBLL01$h1708
=CAT  \\$aBATCH$b00$c20061130$lBLL01$h1051
=CAT  \\$aBATCH$b00$c20061130$lBLL01$h1053
=CAT  \\$a7732$b40$c20061221$lBLL01$h1354
=CAT  \\$aBATCH-BUOC$b00$c20070329$lBLL01$h2137
=CAT  \\$aBATCH-UPD$b00$c20070404$lBLL01$h2046
=CAT  \\$aWR16_021$c20160616$lBLL01$h1805
=FIN  \\$aY$d20061221
=FMT  \\$a  BK
=LAS  \\$aWR16_021$b00$c20160616$lBLL01$h1805

