=LDR  02255cam a2200577 a 4500
=001  013578526
=003  Uk
=005  20070112111021.0
=008  060530s2006\\\\nbub\\\\\b\\\\001\0\eng\\
=010  \\$a  2006045688
=015  \\$aGBA688056$2bnb
=016  7\$a013578526$2Uk
=020  \\$a9780803213494 (hbk.) :$c£26.00
=020  \\$a0803213492 (hbk.) :$c£26.00
=040  \\$aStDuBDS$beng$cStDuBDS$dUk
=042  \\$aukblsr
=043  \\$as-bo---
=050  00$aF3341.M58$bB76 2006
=082  00$a305.80098423$222
=100  1\$aBrockington, Lolita Gutiérrez.
=245  10$aBlacks, Indians, and Spaniards in the Eastern Andes :$breclaiming the forgotten in colonial Mizque, 1550-1782 /$cLolita Gutiérrez Brockington.
=260  \\$aLincoln, Neb. ;$aLondon :$bUniversity of Nebraska Press ,$cc2006.
=300  \\$axiv, 342 p. :$bmaps ;$c24 cm.
=336  \\$atext$2rdacontent
=337  \\$aunmediated$2rdamedia
=338  \\$avolume$2rdacarrier
=500  \\$aFormerly CIP.$5Uk
=504  \\$aIncludes bibliographical references (p. [323]-331) and index.
=650  \0$aBlack people$zBolivia$zMizque (Province)
=650  \0$aIndians of South America$zBolivia$zMizque (Province)
=651  \0$aMizque (Bolivia : Province)$xHistory.
=651  \0$aMizque (Bolivia : Province)$xRace relations.
=690  7\$aSocial Welfare$2blcoll
=852  \\$aBritish Library$bDSC
=856  42$3Contributor biographical information$uhttp://www.loc.gov/catdir/enhancements/fy0701/2006045688-b.html
=856  42$3Publisher description$uhttp://www.loc.gov/catdir/enhancements/fy0701/2006045688-d.html
=BUF  \\$aN$d20061221
=CAT  \\$aBATCH-CIP$b00$c20061017$lBLL01$h1701
=CAT  \\$aBATCH$b00$c20061017$lBLL01$h1702
=CAT  \\$aBATCH$b00$c20061017$lBLL01$h1708
=CAT  \\$aBATCH$b00$c20061123$lBLL01$h1332
=CAT  \\$aBATCH$b00$c20061123$lBLL01$h1334
=CAT  \\$a7732$b40$c20061221$lBLL01$h1138
=CAT  \\$aBATCH-BUOC$b00$c20070112$lBLL01$h1110
=CAT  \\$aBATCH-UPD$b00$c20071203$lBLL01$h1801
=CAT  \\$aWR16_021$c20160616$lBLL01$h1805
=CAT  \\$aBATCH-SWP$c20160624$lBLL01$h2223
=CAT  \\$a11249$b40$c20230206$lBLL01$h1723
=FIN  \\$aY$d20061221
=FMT  \\$a  BK
=LAS  \\$a11249$b40$c20230206$lBLL01$h1723

