=LDR  01401cam a22004334a 4500
=001  013579363
=003  Uk
=005  20061122090138.0
=008  060717s2005\\\\it\\\\\\\b\\\\000\0\ita\d
=010  \\$a2006424634
=020  \\$a8875880883 :$c15.00 EUR
=035  \\$a(ItFiC)it 06231764
=040  \\$aItFiC$cItFiC$dDLC$dUk
=050  00$aB3305.M74$bP737 2005
=100  1\$aPreve, Costanzo.
=245  10$aMarx e gli antichi greci /$cCostanzo Preve, Luca Grecchi.
=260  \\$aPistoia :$bPetite plaisance,$cc2005.
=300  \\$a152 p. ;$c21 cm.
=336  \\$atext$2rdacontent
=337  \\$aunmediated$2rdamedia
=338  \\$avolume$2rdacarrier
=490  1\$aIl giogo ;$v7
=504  \\$aIncludes bibliographical references.
=600  10$aMarx, Karl,$d1818-1883.
=650  \0$aPhilosophy, Ancient.
=700  1\$aGrecchi, Luca,$d1972-
=830  \0$aGiogo ;$v7.
=852  41$aBritish Library$bHMNTS
=856  41$3Table of contents$uhttp://www.loc.gov/catdir/toc/casalini04/06231764.pdf
=CAT  \\$a11375$b40$c20061018$lBLL01$h0945
=CAT  \\$a11002$b40$c20061122$lBLL01$h0901
=CAT  \\$aBATCH$b00$c20091217$lBLL01$h0435
=CAT  \\$aBATCH$b00$c20100103$lBLL01$h1229
=CAT  \\$aBATCH-UPD$b00$c20160122$lBLL01$h2027
=CAT  \\$aW2308-1659$c20230923$lBLL01$h0928
=FIN  \\$aY$d20061122
=FMT  \\$a  BK
=LAS  \\$aW2308-1659$b00$c20230923$lBLL01$h0928
=SID  \\$aZ39$bLOC

