=LDR  02361cam a2200481 a 4500
=001  013585589
=003  Uk
=005  20220331224040.0
=008  050915s2006\\\\enka\\\\\b\\\\001\0\eng\\
=010  \\$a  2005027132
=020  \\$a9780195187519 (cloth)
=020  \\$a0195187512 (cloth)
=040  \\$aDLC$cDLC$dDLC
=043  \\$an-us---$aev-----
=050  00$aK699$b.E85 2006
=082  00$a346.01/68$222
=100  1\$aEskridge, William N.,$cJr.,$d1951-
=245  10$aGay marriage :$bfor better or for worse? : what we've learned from the evidence /$cWilliam N. Eskridge, Jr. and Darren R. Spedale.
=260  \\$aOxford [England] ;$aNew York :$bOxford University Press,$c2006.
=300  \\$aix, 336 p. :$bill. ;$c24 cm.
=336  \\$atext$2rdacontent
=337  \\$aunmediated$2rdamedia
=338  \\$avolume$2rdacarrier
=504  \\$aIncludes bibliographical references and index.
=505  0\$aThe evolving same-sex marriage debate in the United States -- The same-sex marriage debate in Scandinavia and the rest of Europe -- A new look for legal unions : sixteen years of Scandinavian partnerships and the changing conception of family -- The benefits of same-sex marriage : lessons from Scandinavia -- Modern Scandinavian families and the defense-of-marriage argument -- Drawing lines : Scandinavian lessons for the American marriage debate.
=540  \\$aCurrent Copyright Fee: GBP22.50$c0$5Uk
=650  \0$aGay couples$xLegal status, laws, etc.$zUnited States.
=650  \0$aSame-sex marriage$xLaw and legislation$zUnited States.
=650  \0$aGay couples$xLegal status, laws, etc.$zScandinavia.
=650  \0$aSame-sex marriage$xLaw and legislation$zScandinavia.
=700  1\$aSpedale, Darren R.
=852  41$aBritish Library$bDSC
=856  41$3Table of contents only$uhttp://www.loc.gov/catdir/toc/ecip0519/2005027132.html
=856  42$3Publisher description$uhttp://www.loc.gov/catdir/enhancements/fy0636/2005027132-d.html
=CAT  \\$a8157$b40$c20061025$lBLL01$h1359
=CAT  \\$aBATCH-UPD$b40$c20121207$lBLL01$h2150
=CAT  \\$aBATCH-CLAB$c20220330$lBLL01$h1709
=CAT  \\$aIPL-CLA$c20220331$lBLL01$h2240
=CAT  \\$aW2308-1659$c20230923$lBLL01$h0928
=CFI  0\$aCurrent Copyright Fee: GBP22.50$c0$e01-apr-2022$fGBP22.50$g0$hC$5Uk
=FMT  \\$a  BK
=LAS  \\$aW2308-1659$b00$c20230923$lBLL01$h0928
=SRC  \\$aBLL02

