=LDR  01945 am a2200517 a 4500
=001  013586225
=003  Uk
=005  20070301213701.0
=008  060712s2006\\\\oruab\\\\b\\\s001\0\eng\\
=010  \\$a  2006022884
=015  \\$aGBA699418$2bnb
=020  \\$a9780295986227 (pbk.) :$cNo price
=020  \\$a0295986220 (pbk.) :$cNo price
=035  \\$a(OCoLC)ocm70660030
=040  \\$aDLC$cDLC$dBAKER$dC#P$dYUS$dYDXCP$dDLC$dUk
=042  \\$aukblsr
=043  \\$an-us-or$an-us-ca
=050  00$aF882.K49$bM67 2006
=082  00$a979.591$222
=100  1\$aMost, Stephen.
=245  10$aRiver of renewal :$bmyth and history in the Klamath Basin /$cStephen Most.
=260  \\$aPortland, Or. :$bOregon Historical Society Press ;$aSeattle, Wash. ;$aLondon :$bUniversity of Washington Press,$cc2006.
=300  \\$axxxiv, 292 p. :$bill., maps ;$c23 cm.
=336  \\$atext$2rdacontent
=337  \\$aunmediated$2rdamedia
=338  \\$avolume$2rdacarrier
=504  \\$aIncludes bibliographical references (p. 259-283) and index.
=650  \0$aRural renewal$zOregon$zKlamath Basin.
=650  \0$aMythology.
=651  \0$aKlamath Basin (Or.)$xHistory.
=651  \0$aKlamath River (Or. and Calif.)$xHistory.
=651  \0$aKlamath Basin (Or.)$xRural conditions.
=651  \0$aKlamath Basin (Or.)$vFolklore.
=651  \0$aKlamath Basin (Or.)$xEnvironmental conditions.
=651  \0$aKlamath River (Or. and Calif.)$xEnvironmental conditions.
=852  \\$aBritish Library$bDSC
=856  41$3Table of contents only$uhttp://www.loc.gov/catdir/toc/ecip0617/2006022884.html
=BUF  \\$aN3$d20061122
=CAT  \\$aBATCH-APP$b00$c20061026$lBLL01$h1039
=CAT  \\$aBATCH$b00$c20061026$lBLL01$h1040
=CAT  \\$aBATCH$b00$c20061026$lBLL01$h1043
=CAT  \\$a6632$b40$c20061122$lBLL01$h1234
=CAT  \\$aBATCH-BUOC$b00$c20070301$lBLL01$h2137
=FIN  \\$aY$d20061122
=FMT  \\$a  BK
=LAS  \\$aBATCH-BUOC$b00$c20070301$lBLL01$h2137

