=LDR  02986cam a22005894a 4500
=001  013588118
=003  Uk
=005  20220331224042.0
=008  060111s2007\\\\paua\\\\\b\\\\001\0\eng\\
=010  \\$a  2006000877
=020  \\$a0781759447
=020  \\$a9780781759441
=035  \\$a(OCoLC)ocm62897579
=040  \\$aDNLM/DLC$cDLC$dNLM$dBAKER$dC#P$dVAM$dUBY$dYDX$dDLC
=042  \\$apcc
=050  00$aRM170$b.P57 2007
=082  00$a615/.6$222
=100  1\$aWeinstein, Sharon.
=245  10$aPlumer's principles & practice of intravenous therapy /$cSharon M. Weinstein.
=246  3\$aPlumer's principles and practice of intravenous therapy
=246  30$aPrinciples & practice of intravenous therapy
=246  3\$aPrinciples and practice of intravenous therapy
=246  30$aIntravenous therapy
=250  \\$a8th ed.
=260  \\$aPhiladelphia :$bLippincott Williams & Wilkins,$cc2007.
=300  \\$axvii, 753 p. :$bill. ;$c24 cm. +$e1 CD-ROM (4 3/4 in.)
=336  \\$atext$2rdacontent
=337  \\$aunmediated$2rdamedia
=338  \\$avolume$2rdacarrier
=504  \\$aIncludes bibliographical references and index.
=505  0\$aHistory of infusion therapy -- Minimizing risk and improving performance -- Nursing role and responsibilities -- Application of infusion nurses society standards of practice -- Anatomy and physiology applied to infusion therapy -- Laboratory tests and values -- Fluid and electrolyte balance -- Principles of parenteral fluid administration -- Complications and interventions -- Evidence-based infusion practice -- Infusion equipment and safety -- Peripheral infusion therapy techniques -- Short peripheral access -- Central venous access -- Alternate access -- Parenteral nutrition -- Transfusion therapy -- Pharmacology applied to infusion therapy -- Antineoplastic therapy -- Pain management -- Pediatric intravenous therapy -- Infusion therapy in an older adult patient -- Infusion therapy in alternate clinical settings: cost factors and treatment modalities -- The future of infusion nursing.
=540  \\$aCurrent Copyright Fee: GBP18.50$c0$5Uk
=650  \0$aIntravenous therapy.
=650  12$aInfusions, Intravenous$xmethods.
=650  12$aInfusions, Intravenous$xnursing.
=650  22$aEvidence-Based Medicine.
=650  22$aFluid Therapy$xmethods.
=650  22$aNurse's Role.
=650  22$aParenteral Nutrition$xmethods.
=655  \0$aCD-ROMs.
=700  1\$aPlumer, Ada Lawrence.
=852  41$aBritish Library$bDSC
=856  41$3Table of contents$uhttp://www.loc.gov/catdir/toc/ecip066/2006000877.html
=CAT  \\$a7203$b40$c20061030$lBLL01$h1208
=CAT  \\$aW1707-0052$c20170703$lBLL01$h1850
=CAT  \\$aBATCH-CLAB$c20220330$lBLL01$h1603
=CAT  \\$aIPL-CLA$c20220331$lBLL01$h2240
=CAT  \\$aW2308-1659$c20230923$lBLL01$h0929
=CFI  0\$aCurrent Copyright Fee: GBP18.50$c0$e01-apr-2022$fGBP18.50$g0$hC$5Uk
=FMT  \\$a  BK
=LAS  \\$aW2308-1659$b00$c20230923$lBLL01$h0929
=SRC  \\$aBLL02

