=LDR  02219cam a22004454a 4500
=001  013595062
=003  Uk
=005  20220331224050.0
=008  051012s2006\\\\enka\\\\\b\\\\001\0\eng\\
=010  \\$a  2005029426
=020  \\$a019517559X (cloth : alk. paper)
=020  \\$a9780195175592
=035  \\$a(OCoLC)ocm62085422
=040  \\$aDLC$cDLC$dBAKER$dC#P$dIXA$dDLC
=042  \\$apcc
=050  00$aQC174.13$b.R67 2006
=082  00$a530.12$222
=100  1\$aRosenblum, Bruce.
=245  10$aQuantum enigma :$bphysics encounters consciousness /$cBruce Rosenblum and Fred Kuttner.
=260  \\$aOxford ;$aNew York :$bOxford University Press,$c2006.
=300  \\$a211 p. :$bill. ;$c24 cm.
=336  \\$atext$2rdacontent
=337  \\$aunmediated$2rdamedia
=338  \\$avolume$2rdacarrier
=504  \\$aIncludes bibliographical references (p. 203-204) and index.
=505  0\$aPresenting the enigma -- Einstein called it "Spooky"-and I wish I had known -- The visit to Neg Ahne Poc: a quantum parable -- Our Newtonian worldview: a universal law of motion -- All the rest of classical physics -- Hello quantum mechanics -- How the quantum was forced on physics -- Schrödinger's equation: the new universal law of motion -- One-third of our economy -- Our skeleton in the closet -- Wonderful, wonderful Copenhagen -- Schrödinger's controversial cat -- Seeking a real world: EPR -- Spooky interactions: Bell's theorem -- What's going on? Interpreting the quantum enigma -- The mystery of consciousness -- The mystery meets the enigma -- Consciousness and the quantum cosmos.
=540  \\$aCurrent Copyright Fee: GBP22.50$c0$5Uk
=650  \0$aQuantum theory.
=650  \0$aScience$xPhilosophy.
=700  1\$aKuttner, Fred.
=852  41$aBritish Library$bDSC
=856  41$3Table of contents$uhttp://www.loc.gov/catdir/toc/ecip061/2005029426.html
=CAT  \\$a4861$b40$c20061107$lBLL01$h1155
=CAT  \\$aBATCH-CLAB$c20220330$lBLL01$h1712
=CAT  \\$aIPL-CLA$c20220331$lBLL01$h2240
=CAT  \\$aW2308-1659$c20230923$lBLL01$h0929
=CFI  0\$aCurrent Copyright Fee: GBP22.50$c0$e01-apr-2022$fGBP22.50$g0$hC$5Uk
=FMT  \\$a  BK
=LAS  \\$aW2308-1659$b00$c20230923$lBLL01$h0929
=SRC  \\$aBLL02

