=LDR  01407 am a22003858a 4500
=001  013603622
=003  Uk
=005  20061115232738.9
=008  060605s2006\\\\nyu\\\\\\\\\\\000\0\eng\\
=010  \\$a2006018128  
=020  \\$a0071479406 (hardcover : alk. paper)
=040  \\$aDLC$cDLC$dDLC
=050  00$aHF5549.5.C53$bM67 2006
=082  00$a658.4/092$222
=100  1\$aMorrison, Mike,$d1954-
=245  14$aThe other side of the card :$bthe breakthrough method to unleash the leader inside everyone /$cby Mike Morrison.
=260  \\$aNew York :$bMcGraw-Hill,$c2006.
=263  \\$a0611
=300  \\$ap. cm.
=336  \\$atext$2rdacontent
=337  \\$aunmediated$2rdamedia
=338  \\$avolume$2rdacarrier
=650  \0$aEmployees$xCoaching of.
=650  \0$aLeadership.
=650  \0$aCommunication in management.
=650  \0$aStorytelling.
=852  \\$aBritish Library$bDSC
=856  41$3Table of contents only$uhttp://www.loc.gov/catdir/toc/ecip0615/2006018128.html
=856  42$3Contributor biographical information$uhttp://www.loc.gov/catdir/enhancements/fy0664/2006018128-b.html
=856  42$3Publisher description$uhttp://www.loc.gov/catdir/enhancements/fy0664/2006018128-d.html
=CAT  \\$aBATCH-APP$b00$c20061116$lBLL01$h0820
=CAT  \\$aBATCH$b00$c20061116$lBLL01$h0820
=CAT  \\$aBATCH$b00$c20061116$lBLL01$h0822
=FMT  \\$a  BK
=LAS  \\$aBATCH$b00$c20061116$lBLL01$h0822

