=LDR  01519 am a22003978a 4500
=001  013609977
=003  Uk
=005  20061122225955.4
=008  060622s2006\\\\ilu\\\\\\b\\\\001\0\eng\\
=010  \\$a2006020864  
=020  \\$a9780830833986 (cloth : alk. paper)
=020  \\$a0830833986 (cloth : alk. paper)
=040  \\$aDLC$cDLC$dDLC
=042  \\$apcc
=050  00$aBJ1401$b.W72 2006
=082  00$a231/.8$222
=100  1\$aWright, N. T.$q(Nicholas Thomas)
=245  10$aEvil and the justice of God /$cN.T. Wright.
=260  \\$aDowners Grove, Ill. :$bIVP Books,$cc2006.
=263  \\$a0611
=300  \\$ap. cm.
=336  \\$atext$2rdacontent
=337  \\$aunmediated$2rdamedia
=338  \\$avolume$2rdacarrier
=504  \\$aIncludes bibliographical references and indexes.
=505  0\$aEvil is still a four-letter word : the new problem of evil -- What can God do about evil? : unjust world, just God -- Evil and the crucified God -- Imagine there's no evil : God's promise of a world set free -- Deliver us from evil : forgiving myself, forgiving others.
=650  \0$aGood and evil.
=650  \0$aChristianity and justice.
=650  \0$aRedemption$xChristianity.
=852  \\$aBritish Library$bDSC
=856  41$3Table of contents only$uhttp://www.loc.gov/catdir/toc/ecip0616/2006020864.html
=CAT  \\$aBATCH-APP$b00$c20061123$lBLL01$h1331
=CAT  \\$aBATCH$b00$c20061123$lBLL01$h1332
=CAT  \\$aBATCH$b00$c20061123$lBLL01$h1334
=FMT  \\$a  BK
=LAS  \\$aBATCH$b00$c20061123$lBLL01$h1334

