=LDR  01294 am a22003618a 4500
=001  013609982
=003  Uk
=005  20061122225955.4
=008  060524s2006\\\\nmu\\\\\\b\\\s001\0\eng\\
=010  \\$a2006017250  
=020  \\$a9780826340856 (pbk. : alk. paper)
=020  \\$a0826340857 (pbk. : alk. paper)
=040  \\$aDLC$cDLC$dDLC
=043  \\$an-us-nm$an-us-tx$an-mx---
=050  00$aF802.E45$bJ33 2006
=082  00$a978.9$222
=100  1\$aJackson, Hal$q(Hal E.)
=245  10$aFollowing the Royal Road :$ba guide to the historic Camino Real de Tierra Adentro /$cHal Jackson.
=260  \\$aAlbuquerque :$bUniversity of New Mexico Press,$c2006.
=263  \\$a0611
=300  \\$ap. cm.
=336  \\$atext$2rdacontent
=337  \\$aunmediated$2rdamedia
=338  \\$avolume$2rdacarrier
=504  \\$aIncludes bibliographical references and index.
=651  \0$aEl Camino Real de Tierra Adentro National Historic Trail (N.M. and Tex.)$vGuidebooks.
=852  \\$aBritish Library$bDSC
=856  41$3Table of contents only$uhttp://www.loc.gov/catdir/toc/ecip0614/2006017250.html
=CAT  \\$aBATCH-APP$b00$c20061123$lBLL01$h1331
=CAT  \\$aBATCH$b00$c20061123$lBLL01$h1332
=CAT  \\$aBATCH$b00$c20061123$lBLL01$h1334
=FMT  \\$a  BK
=LAS  \\$aBATCH$b00$c20061123$lBLL01$h1334

