=LDR  02066 am a22004218a 4500
=001  013609986
=003  Uk
=005  20061122225955.4
=008  060216s2006\\\\txu\\\\\\b\\\\001\0\eng\\
=010  \\$a2006005618  
=020  \\$a9780896725799 (cloth : alk. paper)
=020  \\$a0896725790 (cloth : alk. paper)
=040  \\$aDLC$cDLC$dDLC
=042  \\$apcc
=043  \\$an-us-tx
=050  00$aKF221.M8$bN43 2006
=082  00$a364.152/309764$222
=100  1\$aNeal, Bill,$d1936-
=245  10$aGetting away with murder on the Texas frontier :$bnotorious killings and celebrated trials /$cBill Neal ; foreword by Gordon Morris Bakken.
=260  \\$aLubbock, Tex. :$bTexas Tech University Press,$cc2006.
=263  \\$a0610
=300  \\$ap. cm.
=336  \\$atext$2rdacontent
=337  \\$aunmediated$2rdamedia
=338  \\$avolume$2rdacarrier
=504  \\$aIncludes bibliographical references and index.
=505  0\$aThe unlikely saviors of Thomas J. Fulcher -- The 1896 Wichita Falls bank robbery -- The 1890s Wells Fargo murder trials -- Pardon me, please -- Murder and mayhem in the Knox County courthouse -- Strychnine in the bride's flour -- And the perpetrator walked.
=520  \\$a"Longtime Texas prosecutor and defense attorney mines trial records and other primary sources to analyze murder trials from 1880 through WWI in West Texas and Oklahoma. Addresses not only legal and illegal ploys but also inherent pitfalls for a nascent criminal justice system in a frontier society. Historical photographs"--Provided by publisher.
=650  \0$aTrials (Murder)$zTexas.
=650  \0$aCriminal justice, Administration of$zTexas$xHistory$vSources.
=650  \0$aFrontier and pioneer life$zTexas$xHistory$vSources.
=852  \\$aBritish Library$bDSC
=856  41$3Table of contents only$uhttp://www.loc.gov/catdir/toc/ecip069/2006005618.html
=CAT  \\$aBATCH-APP$b00$c20061123$lBLL01$h1331
=CAT  \\$aBATCH$b00$c20061123$lBLL01$h1332
=CAT  \\$aBATCH$b00$c20061123$lBLL01$h1334
=FMT  \\$a  BK
=LAS  \\$aBATCH$b00$c20061123$lBLL01$h1334

