=LDR  01341 am a22003858a 4500
=001  013610004
=003  Uk
=005  20061122225955.4
=008  060720s2006\\\\nyu\\\\\\\\\\\001\0\eng\\
=010  \\$a2006023917  
=020  \\$a042521186X (alk. paper)
=040  \\$aDLC$cDLC$dDLC
=043  \\$an-us---$aa-vt---
=050  00$aKF7654.3$b.H46 2006
=082  00$a959.704/3$222
=100  1\$aHenderson, Charles,$d1948-
=245  10$aJungle rules :$ba true story of Marine justice in Vietnam /$cby Charles Henderson.
=260  \\$aBerkley Caliber :$bNew York, NY,$cc2006.
=263  \\$a0612
=300  \\$ap. cm.
=336  \\$atext$2rdacontent
=337  \\$aunmediated$2rdamedia
=338  \\$avolume$2rdacarrier
=500  \\$aIncludes index.
=610  10$aUnited States.$bMarine Corps$xHistory$yVietnam War, 1961-1975.
=650  \0$aTrials (Military offenses)$zVietnam.
=650  \0$aCourts-martial and courts of inquiry$zUnited States$xHistory.
=650  \0$aVietnam War, 1961-1975$zUnited States.
=852  \\$aBritish Library$bDSC
=856  41$3Table of contents only$uhttp://www.loc.gov/catdir/toc/ecip0618/2006023917.html
=CAT  \\$aBATCH-APP$b00$c20061123$lBLL01$h1331
=CAT  \\$aBATCH$b00$c20061123$lBLL01$h1332
=CAT  \\$aBATCH$b00$c20061123$lBLL01$h1334
=FMT  \\$a  BK
=LAS  \\$aBATCH$b00$c20061123$lBLL01$h1334

