=LDR  01583 am a22004098a 4500
=001  013610011
=003  Uk
=005  20061122225955.4
=008  060323s2006\\\\miu\\\\\\b\\\\000\0\eng\\
=010  \\$a2006010011  
=020  \\$a9781587431654 (pbk.)
=020  \\$a1587431653 (pbk.)
=040  \\$aDLC$cDLC$dDLC
=042  \\$apcc
=050  00$aBV4597.55$b.W57 2006
=082  00$a263/.1$222
=100  1\$aWirzba, Norman.
=245  10$aLiving the Sabbath :$bdiscovering the rhythms of rest and delight /$cNorman Wirzba.
=260  \\$aGrand Rapids, MI :$bBrazos Press,$c2006.
=263  \\$a0612
=300  \\$ap. cm.
=336  \\$atext$2rdacontent
=337  \\$aunmediated$2rdamedia
=338  \\$avolume$2rdacarrier
=490  0\$aThe Christian practice of everyday life
=504  \\$aIncludes bibliographical references.
=505  0\$aLosing our way -- The meaning of the Sabbath -- From Sabbath to Sunday -- The practice of delight -- The decline of delight -- Pain and suffering -- Work and the Sabbath -- Sabbath at home -- Sabbath economics -- Sabbath education -- Sabbath environmentalism -- Sabbath worship.
=650  \0$aRest$xReligious aspects$xChristianity.
=650  \0$aSabbath.
=852  \\$aBritish Library$bDSC
=856  41$3Table of contents only$uhttp://www.loc.gov/catdir/toc/ecip0611/2006010011.html
=CAT  \\$aBATCH-APP$b00$c20061123$lBLL01$h1331
=CAT  \\$aBATCH$b00$c20061123$lBLL01$h1332
=CAT  \\$aBATCH$b00$c20061123$lBLL01$h1334
=CAT  \\$aBATCH$b00$c20090110$lBLL01$h1742
=FMT  \\$a  BK
=LAS  \\$aBATCH$b00$c20090110$lBLL01$h1742

