=LDR  01269 am a22003738a 4500
=001  013610024
=003  Uk
=005  20061122225955.4
=008  060210s2006\\\\nju\\\\\\b\\\\001\0\eng\\
=010  \\$a2006004817  
=020  \\$a0838641075 (alk. paper)
=040  \\$aDLC$cDLC$dDLC
=042  \\$apcc
=043  \\$ae-no---
=050  00$aPN2766.O72$bK77 2006
=082  00$a792.0948/21$222
=100  1\$aSchmiesing, Ann,$d1969-
=245  10$aNorway's Christiania Theatre, 1827-1867 :$bfrom Danish showhouse to national stage /$cAnn Schmiesing.
=260  \\$aFairleigh Dickinson University Press :$bMadison, N.J.,$cc2006.
=263  \\$a0607
=300  \\$ap. cm.
=336  \\$atext$2rdacontent
=337  \\$aunmediated$2rdamedia
=338  \\$avolume$2rdacarrier
=504  \\$aIncludes bibliographical references and index.
=600  10$aKristiania teater (Oslo, Norway)
=650  \0$aTheater$zNorway$zOslo$xHistory$y19th century.
=852  \\$aBritish Library$bDSC
=856  41$3Table of contents only$uhttp://www.loc.gov/catdir/toc/ecip068/2006004817.html
=CAT  \\$aBATCH-APP$b00$c20061123$lBLL01$h1331
=CAT  \\$aBATCH$b00$c20061123$lBLL01$h1332
=CAT  \\$aBATCH$b00$c20061123$lBLL01$h1334
=FMT  \\$a  BK
=LAS  \\$aBATCH$b00$c20061123$lBLL01$h1334

