=LDR  01920cam a22005178a 4500
=001  013610043
=003  Uk
=005  20220331224114.0
=008  060913s2007\\\\pau\\\\\\b\\\\001\0\eng\\
=010  \\$a2006030567  
=020  \\$a9780781761970 (alk. paper)
=020  \\$a0781761972 (alk. paper)
=035  \\$a(DNLM)101287310
=040  \\$aDNLM/DLC$cDLC$dDLC
=042  \\$apcc
=050  00$aRC683.8$b.S32 2007
=060  10$aWG 18.2$bS278 2007
=082  00$a616.1/20076$222
=245  00$aSCAI interventional cardiology board review book /$cedited by Morton J. Kern ; section editors, Peter B. Berger ... [et al.].
=246  30$aInterventional cardiology board review book
=260  \\$aPhiladelphia :$bLippincott Williams & Wilkins,$cc2007.
=263  \\$a0610
=300  \\$ap. ;$ccm.
=336  \\$atext$2rdacontent
=337  \\$aunmediated$2rdamedia
=338  \\$avolume$2rdacarrier
=504  \\$aIncludes bibliographical references and index.
=540  \\$aCurrent Copyright Fee: GBP18.50$c0$5Uk
=650  \0$aHeart$xDiseases$xTreatment.
=650  \0$aHeart$xSurgery.
=650  \0$aAngioplasty.
=650  \0$aCardiac catheterization.
=650  12$aCardiovascular Surgical Procedures$vExamination Questions.
=650  22$aDiagnostic Techniques, Cardiovascular$vExamination Questions.
=700  1\$aKern, Morton J.
=710  2\$aSociety of Cardiac Angiography and Intervention.
=852  \\$aBritish Library$bDSC
=856  41$3Table of contents only$uhttp://www.loc.gov/catdir/toc/ecip071/2006030567.html
=CAT  \\$aBATCH-APP$b00$c20061123$lBLL01$h1331
=CAT  \\$aBATCH$b00$c20061123$lBLL01$h1332
=CAT  \\$aBATCH$b00$c20061123$lBLL01$h1334
=CAT  \\$aBATCH-CLAB$c20220330$lBLL01$h1614
=CAT  \\$aIPL-CLA$c20220331$lBLL01$h2241
=CFI  0\$aCurrent Copyright Fee: GBP18.50$c0$e01-apr-2022$fGBP18.50$g0$hC$5Uk
=FMT  \\$a  BK
=LAS  \\$aIPL-CLA$b00$c20220331$lBLL01$h2241

