=LDR  01741 am a22003738a 4500
=001  013610077
=003  Uk
=005  20061122225955.4
=008  060522s2006\\\\miu\\\\\\b\\\\001\0\eng\\
=010  \\$a2006017095  
=020  \\$a9781587430374 (pbk.)
=020  \\$a1587430371 (pbk.)
=040  \\$aDLC$cDLC$dDLC
=042  \\$apcc
=050  00$aBV600.3$b.W57 2006
=082  00$a262$222
=100  1\$aWilson, Jonathan R.
=245  10$aWhy church matters :$bworship, ministry, and mission in practice /$cJonathan R. Wilson.
=260  \\$aGrand Rapids, MI :$bBrazos Press,$c2006.
=263  \\$a0612
=300  \\$ap. cm.
=336  \\$atext$2rdacontent
=337  \\$aunmediated$2rdamedia
=338  \\$avolume$2rdacarrier
=504  \\$aIncludes bibliographical references and index.
=505  0\$aPractices and practical theology -- Foundations -- Worship as work, warfare, and witness -- Worship as true, good, and beautiful -- Worship as Trinitarian practice -- Worship as language school -- Renovations -- Witness as kingdom words and deeds -- Discipleship as human flourishing -- Formations -- Baptism, Eucharist, footwashing as participation in Christ -- Confession as the shape of the church -- Suffering as the power of the kingdom -- Appendix: Practicing church : evangelical ecclesiologies at the end of modernity (Francis Schaeffer, Charles Colson, Rick Warren, Brian Claren).
=650  \0$aChurch.
=852  \\$aBritish Library$bDSC
=856  41$3Table of contents$uhttp://www.loc.gov/catdir/toc/ecip0614/2006017095.html
=CAT  \\$aBATCH-APP$b00$c20061123$lBLL01$h1332
=CAT  \\$aBATCH$b00$c20061123$lBLL01$h1332
=CAT  \\$aBATCH$b00$c20061123$lBLL01$h1334
=FMT  \\$a  BK
=LAS  \\$aBATCH$b00$c20061123$lBLL01$h1334

