=LDR  02198cam a22004098a 4500
=001  013614744
=003  Uk
=005  20061129193345.9
=008  060720s2006\\\\ncu\\\\\\b\\\\001\0\eng\\
=010  \\$a2006024058  
=020  \\$a1594603162 (alk. paper)
=040  \\$aDLC$cDLC$dDLC
=043  \\$an-us-fl
=050  00$aKF292.S744$bS99 2006
=082  00$a340.071/175921$222
=100  1\$aSwygert, Michael I.
=245  10$aFlorida's first law school :$bhistory of Stetson University College of Law /$cby Michael I. Swygert, W. Gary Vause.
=260  \\$aDurham, N.C. :$bCarolina Academic Press,$c2006.
=263  \\$a0609
=300  \\$ap. cm.
=336  \\$atext$2rdacontent
=337  \\$aunmediated$2rdamedia
=338  \\$avolume$2rdacarrier
=504  \\$aIncludes bibliographical references and index.
=505  0\$aStetson University in historical perspective -- Founding of the College of Law -- A strong beginning : Dean Farrah -- Confronting new competition : Dean Rasco and President Hulley -- Attaining ABA approval, AALS accreditation : Dean Tribble -- The long winter : Depression and WWII : Deans Raymond, Lambert, and Howes -- Survival at naval air base is problematic : Dean Haslup and President Edmunds -- Relocation to Gulfport : Dean Hilkey -- The new home : former Rolyat Hotel, Florida military academy -- Rebuilding the law school and its reputation : Dean Sebring -- Raising academic standards and money : Dean Dillon -- Concern for students : campus renovation, greater alumni support, increased diversity : Dean Jacob -- The nation's top-rated advocacy program -- Deans Moody, Vause, and Dickerson.
=610  20$aStetson University.$bCollege of Law.
=650  \0$aLaw schools$zFlorida$xHistory.
=700  1\$aVause, W. Gary.
=852  \\$aBritish Library$bDSC
=856  41$3Table of contents only$uhttp://www.loc.gov/catdir/toc/ecip0617/2006024058.html
=CAT  \\$aBATCH-APP$b00$c20061130$lBLL01$h1051
=CAT  \\$aBATCH$b00$c20061130$lBLL01$h1051
=CAT  \\$aBATCH$b00$c20061130$lBLL01$h1053
=CAT  \\$aBATCH-UPD$b00$c20141211$lBLL01$h0145
=CAT  \\$aBATCH-UPD$b00$c20230513$lBLL01$h1714
=FMT  \\$a  BK
=LAS  \\$aBATCH-UPD$b00$c20230513$lBLL01$h1714

