=LDR  01879 am a22003978a 4500
=001  013614770
=003  Uk
=005  20061129193345.9
=008  060911s2006\\\\ilu\\\\\\b\\\\000\0\eng\\
=010  \\$a2006030079  
=020  \\$a9780830833719 (pbk. : alk. paper)
=020  \\$a0830833714 (pbk. : alk. paper)
=040  \\$aDLC$cDLC$dDLC
=043  \\$an-us---
=050  00$aBR563.A82$bM67 2006
=082  00$a277.3/083082$222
=245  00$aMore than serving tea /$cedited by Nikki A. Toyama and Tracey Gee.
=260  \\$aDowners Grove, IL :$bInterVarsity Press,$c2006.
=263  \\$a0612
=300  \\$ap. cm.
=336  \\$atext$2rdacontent
=337  \\$aunmediated$2rdamedia
=338  \\$avolume$2rdacarrier
=504  \\$aIncludes bibliographical references.
=505  0\$aIntroduction: Asian American Christian women : triple blessing or triple curse? / Nikki A. Toyama -- Sticks, stones, and stereotypes / Christie Heller de Leon -- Pulled by expectations / Kathy Khang -- Perfectionistic tendencies / Nikki A. Toyama -- From swallowing suffering / Tracey Gee -- Freedom in sexuality / Kathy Khang -- Daughter of two worlds / Christie Heller de Leon -- Friends or enemies? / Asifa Dean -- Single Asian female seeking ... / Asifa Dean -- Getting used to the sound of my voice / Nikki A. Toyama -- Becoming leaders / Tracey Gee -- Epilogue / Tracey Gee.
=650  \0$aAsian American women$xReligious life.
=650  \0$aWomen$xReligious aspects$xChristianity.
=700  1\$aToyama, Nikki A.,$d1974-
=700  1\$aGee, Tracey,$d1974-
=852  \\$aBritish Library$bDSC
=856  41$3Table of contents only$uhttp://www.loc.gov/catdir/toc/ecip071/2006030079.html
=CAT  \\$aBATCH-APP$b00$c20061130$lBLL01$h1051
=CAT  \\$aBATCH$b00$c20061130$lBLL01$h1051
=CAT  \\$aBATCH$b00$c20061130$lBLL01$h1053
=FMT  \\$a  BK
=LAS  \\$aBATCH$b00$c20061130$lBLL01$h1053

