=LDR  01234 am a22003738a 4500
=001  013623728
=003  Uk
=005  20061210143131.1
=008  060703s2007\\\\ohu\\\\\\\\\\\000\0\eng\\
=010  \\$a2006022112  
=020  \\$a0131192124
=040  \\$aDLC$cDLC$dDLC
=043  \\$an-us---
=050  00$aNA1995$b.G64 2007
=082  00$a720.23/73$222
=100  1\$aGoetsch, David L.
=245  10$aBuilding a winning career in architecture :$b20 strategies for success after college /$cby David L. Goetsch.
=250  \\$a1st ed.
=260  \\$aColumbus :$bPearson/Prentice Hall,$c2007.
=263  \\$a0710
=300  \\$ap. cm.
=336  \\$atext$2rdacontent
=337  \\$aunmediated$2rdamedia
=338  \\$avolume$2rdacarrier
=650  \0$aArchitecture$xVocational guidance$zUnited States.
=650  \0$aArchitectural practice$zUnited States.
=650  \0$aCareer development$zUnited States.
=852  \\$aBritish Library$bDSC
=856  41$3Table of contents only$uhttp://www.loc.gov/catdir/toc/ecip0616/2006022112.html
=CAT  \\$aBATCH-APP$b00$c20061212$lBLL01$h1610
=CAT  \\$aBATCH$b00$c20061212$lBLL01$h1610
=CAT  \\$aBATCH$b00$c20061212$lBLL01$h1612
=FMT  \\$a  BK
=LAS  \\$aBATCH$b00$c20061212$lBLL01$h1612

