=LDR  02021cam a22004818a 4500
=001  013623748
=003  Uk
=005  20061210143131.1
=008  060214s2006\\\\flu\\\\\\b\\\\001\0\eng\\
=010  \\$a2006004785  
=020  \\$a9780151010363
=020  \\$a0151010366
=040  \\$aDLC$cDLC$dDLC
=042  \\$apcc
=050  00$aRC451.4.P57$bM65 2006
=082  00$a616.85/21$222
=100  1\$aMollica, Richard F.
=245  10$aHealing invisible wounds :$bpaths to hope and recovery in a violent world /$cRichard F. Mollica.
=250  \\$a1st ed.
=260  \\$aOrlando, Fla. :$bHarcourt,$cc2006.
=263  \\$a0612
=300  \\$ap. cm.
=336  \\$atext$2rdacontent
=337  \\$aunmediated$2rdamedia
=338  \\$avolume$2rdacarrier
=504  \\$aIncludes bibliographical references (p. ) and index.
=505  0\$aStriking out on a new pathway -- The trauma story -- Humiliation -- The power of self-healing -- Storytelling as a healing art -- Good dreams and bad dreams -- Social instruments of healing -- The call to health -- Society as healer.
=650  \0$aPolitical refugees$xMental health.
=650  \0$aPolitical refugees$xCounseling of.
=650  \0$aPost-traumatic stress disorder$xTreatment.
=650  \0$aPsychic trauma$xTreatment.
=852  \\$aBritish Library$bDSC
=856  41$3Table of contents only$uhttp://www.loc.gov/catdir/toc/ecip068/2006004785.html
=856  42$3Contributor biographical information$uhttp://www.loc.gov/catdir/enhancements/fy0659/2006004785-b.html
=856  42$3Publisher description$uhttp://www.loc.gov/catdir/enhancements/fy0659/2006004785-d.html
=856  41$3Sample text$uhttp://www.loc.gov/catdir/enhancements/fy0701/2006004785-s.html
=CAT  \\$aBATCH-APP$b00$c20061212$lBLL01$h1610
=CAT  \\$aBATCH$b00$c20061212$lBLL01$h1610
=CAT  \\$aBATCH$b00$c20061212$lBLL01$h1612
=CAT  \\$aBATCH-UPD$b00$c20140917$lBLL01$h1713
=CAT  \\$aBATCH-UPD$b00$c20220828$lBLL01$h2102
=FMT  \\$a  BK
=LAS  \\$aBATCH-UPD$b00$c20220828$lBLL01$h2102

