=LDR  01177 am a22003618a 4500
=001  013623779
=003  Uk
=005  20061210143131.1
=008  060707s2006\\\\nyu\\\\\\b\\\\001\0\eng\\
=010  \\$a2006022464  
=020  \\$a0820476250 (hardcover : alk. paper)
=040  \\$aDLC$cDLC$dDLC
=043  \\$an-us-ny
=050  00$aLD3911.N52$bS77 2006
=082  00$a378.747/98$222
=100  1\$aStranges, John B.,$d1938-
=245  14$aThe rainbow never fades :$bNiagara university 1856-2006 /$cJohn B. Stranges.
=246  30$aNiagara university 1856-2006
=260  \\$aNew York :$bPeter Lang,$cc2006.
=263  \\$a0701
=300  \\$ap. cm.
=336  \\$atext$2rdacontent
=337  \\$aunmediated$2rdamedia
=338  \\$avolume$2rdacarrier
=504  \\$aIncludes bibliographical references and index.
=610  20$aNiagara University.
=852  \\$aBritish Library$bDSC
=856  41$3Table of contents only$uhttp://www.loc.gov/catdir/toc/ecip0617/2006022464.html
=CAT  \\$aBATCH-APP$b00$c20061212$lBLL01$h1610
=CAT  \\$aBATCH$b00$c20061212$lBLL01$h1610
=CAT  \\$aBATCH$b00$c20061212$lBLL01$h1612
=FMT  \\$a  BK
=LAS  \\$aBATCH$b00$c20061212$lBLL01$h1612

