=LDR  01765 am a22004338a 4500
=001  013623811
=003  Uk
=005  20070122145110.0
=008  060525s2006\\\\msu\\\\\\b\\\\001\0\eng\\
=010  \\$a2006017535  
=020  \\$a9781578069187 (cloth : alk. paper)
=020  \\$a1578069181 (cloth : alk. paper)
=040  \\$aDLC$cDLC$dDLC
=042  \\$apcc
=043  \\$an-us-ms
=050  00$aKF292.M57$bL36 2006
=082  00$a340.071/176283$222
=100  1\$aLandon, Michael.
=245  14$aThe University of Mississippi School of Law :$ba sesquicentennial history /$cMichael de L. Landon.
=250  \\$a1st ed.
=260  \\$aJackson, Miss. :$bUniversity Press of Mississippi,$c2006.
=263  \\$a0611
=300  \\$ap. cm.
=336  \\$atext$2rdacontent
=337  \\$aunmediated$2rdamedia
=338  \\$avolume$2rdacarrier
=504  \\$aIncludes bibliographical references and index.
=505  0\$aThe early days (1854 - 1874) -- Up again and going strong (1877 - 1911) -- The Ventress Hall years (1911 - 1930) -- The early decades in Farley Hall (1930 - 1962) -- From law school to law center (1963 - 1975) -- The recent past (1975 - 1994) -- The sesquicentennial decade (1994 - 2004).
=610  20$aUniversity of Mississippi.$bSchool of Law$xHistory.
=650  \0$aLaw schools$zMississippi$xHistory.
=650  \0$aLaw$xStudy and teaching$zMississippi$xHistory.
=852  \\$aBritish Library$bDSC
=856  41$3Table of contents only$uhttp://www.loc.gov/catdir/toc/ecip0614/2006017535.html
=CAT  \\$aBATCH-APP$b00$c20061212$lBLL01$h1610
=CAT  \\$aBATCH$b00$c20061212$lBLL01$h1610
=CAT  \\$aBATCH$b00$c20061212$lBLL01$h1612
=CAT  \\$a12179$b40$c20070122$lBLL01$h1451
=FMT  \\$a  BK
=LAS  \\$a12179$b40$c20070122$lBLL01$h1451

