=LDR  01550 am a22004578a 4500
=001  013626075
=003  Uk
=005  20061213194355.3
=008  060907s2006\\\\cou\\\\\\b\\\s000\0deng\\
=010  \\$a2006028465  
=020  \\$a9780870818462 (hardcover : alk. paper)
=020  \\$a0870818465 (hardcover : alk. paper)
=040  \\$aDLC$cDLC$dDLC
=043  \\$an-us-wy$an-us---
=050  00$aF765$b.H65 2006
=082  00$a917.87/034$222
=100  1\$aHoldsworth, Kevin.
=245  10$aBig wonderful :$bnotes from Wyoming /$cKevin Holdsworth.
=260  \\$aBoulder, Colo. :$bUniversity Press of Colorado,$cc2006.
=263  \\$a0610
=300  \\$ap. cm.
=336  \\$atext$2rdacontent
=337  \\$aunmediated$2rdamedia
=338  \\$avolume$2rdacarrier
=504  \\$aIncludes bibliographical references.
=600  10$aHoldsworth, Kevin$xTravel$zWyoming.
=600  10$aHoldsworth, Kevin$xHomes and haunts$zWyoming.
=650  \0$aOutdoor life$zWyoming.
=650  \0$aMountaineering$zWyoming.
=650  \0$aAuthors, American$zWyoming$vBiography.
=651  \0$aWyoming$xDescription and travel.
=651  \0$aWyoming$xHistory, Local.
=651  \0$aWyoming$vPoetry.
=651  \0$aWyoming$vBiography.
=852  \\$aBritish Library$bDSC
=856  41$3Table of contents only$uhttp://www.loc.gov/catdir/toc/ecip0620/2006028465.html
=CAT  \\$aBATCH-APP$b00$c20061214$lBLL01$h1019
=CAT  \\$aBATCH$b00$c20061214$lBLL01$h1019
=CAT  \\$aBATCH$b00$c20061214$lBLL01$h1021
=FMT  \\$a  BK
=LAS  \\$aBATCH$b00$c20061214$lBLL01$h1021

