=LDR  02016 am a2200433 a 4500
=001  013631247
=003  Uk
=005  20061220200212.6
=008  060217s2006\\\\txuabf\\\b\\\s001\0\eng\\
=010  \\$a2006005719  
=020  \\$a0896725871 (cloth : alk. paper)
=020  \\$a9780896725874 (cloth : alk. paper)
=020  \\$a9780896725874
=035  \\$a(OCoLC)ocm64427384
=035  \\$a(OCoLC)64427384
=040  \\$aDLC$cDLC$dBAKER$dC#P$dBTCTA$dDLC
=042  \\$alcac
=043  \\$an-us-tx
=050  00$aF394.A4$bC37 2006
=082  00$a976.4/825$222
=100  1\$aCarlson, Paul Howard.
=245  10$aAmarillo :$bthe story of a western town /$cPaul H. Carlson.
=260  \\$aLubbock :$bTexas Tech University Press,$cc2006.
=300  \\$axiii, 283 p., [32] p. of plates :$bill., maps ;$c24 cm.
=336  \\$atext$2rdacontent
=337  \\$aunmediated$2rdamedia
=338  \\$avolume$2rdacarrier
=504  \\$aIncludes bibliographical references (p. [249]-259) and index.
=505  0\$aThe golden spread -- The founding of Amarillo -- Amarillo in 1900 -- A city of modern pioneers -- Economic development, 1910-1930 -- The Jazz Age in Amarillo -- Amarillo and the Great Depression -- World War II and afterward -- A period of expansion, 1950-1975 -- Amarillo in 1980 -- Agribusiness, oil, and nuclear bombs.
=520  \\$a"History of the founding of Amarillo and its progress from a small cowtown to the second largest city on the Texas High Plains. Includes social, cultural, economic, and political aspects of the city's development through its 118 years"--Provided by publisher.
=651  \0$aAmarillo (Tex.)$xHistory.
=651  \0$aAmarillo (Tex.)$xCivilization.
=852  \\$aBritish Library$bDSC
=856  41$3Table of contents only$uhttp://www.loc.gov/catdir/toc/ecip069/2006005719.html
=CAT  \\$aBATCH-APP$b00$c20061221$lBLL01$h1107
=CAT  \\$aBATCH$b00$c20061221$lBLL01$h1107
=CAT  \\$aBATCH$b00$c20061221$lBLL01$h1109
=FMT  \\$a  BK
=LAS  \\$aBATCH$b00$c20061221$lBLL01$h1109

