=LDR  01534 am a22003978a 4500
=001  013631287
=003  Uk
=005  20061220200212.6
=008  060828s2006\\\\vtu\\\\\\b\\\\001\0\eng\\
=010  \\$a2006028753  
=020  \\$a9781580233040 (pbk.)
=020  \\$a158023304X
=040  \\$aDLC$cDLC$dDLC
=050  00$aBM723$b.M448 2006
=082  00$a296.7$222
=100  1\$aMichaelson, Jay,$d1971-
=245  10$aGod in your body :$bKabbalah, mindfulness and embodied spiritual practice /$cJay Michaelson.
=260  \\$aWoodstock, VT :$bJewish Lights Pub.,$c2006.
=263  \\$a0610
=300  \\$ap. cm.
=336  \\$atext$2rdacontent
=337  \\$aunmediated$2rdamedia
=338  \\$avolume$2rdacarrier
=504  \\$aIncludes bibliographical references and index.
=505  0\$aEating -- Praying -- Breathing -- Walking -- Using the bathroom -- Sex -- Mirroring the Divine -- Exercising -- Dancing -- Fasting -- Washing -- The mikva -- Nature -- The five senses -- Embodied emotions -- Sickness and health -- Life cycle -- Just being.
=650  \0$aSpiritual life$xJudaism.
=650  \0$aBody, Human$xReligious aspects$xJudaism.
=650  \0$aMeditation$xJudaism.
=650  \0$aCabala.
=852  \\$aBritish Library$bDSC
=856  41$3Table of contents only$uhttp://www.loc.gov/catdir/toc/ecip0620/2006028753.html
=CAT  \\$aBATCH-APP$b00$c20061221$lBLL01$h1107
=CAT  \\$aBATCH$b00$c20061221$lBLL01$h1107
=CAT  \\$aBATCH$b00$c20061221$lBLL01$h1109
=FMT  \\$a  BK
=LAS  \\$aBATCH$b00$c20061221$lBLL01$h1109

