=LDR  01737 am a22004578a 4500
=001  013631335
=003  Uk
=005  20061220200212.6
=008  051103s2006\\\\tnu\\\\\\b\\\s001\0beng\\
=010  \\$a2005032124  
=020  \\$a1572334851 (hardcover : alk. paper)
=040  \\$aDLC$cDLC$dDLC
=042  \\$apcc
=043  \\$an-us-ma$an-usn--
=050  00$aTH140.S74$bG37 2006
=082  00$a694.092/274$aB$222
=100  10$aGarrison, J. Ritchie,$d1951-
=245  10$aTwo carpenters :$barchitecture and building in early New England, 1799-1859 /$cJ. Ritchie Garrison.
=250  \\$a1st ed.
=260  \\$aKnoxville :$bUniversity of Tennessee Press,$c2006.
=263  \\$a0609
=300  \\$ap. cm.
=336  \\$atext$2rdacontent
=337  \\$aunmediated$2rdamedia
=338  \\$avolume$2rdacarrier
=504  \\$aIncludes bibliographical references and index.
=505  0\$aJourneyman -- Performances -- Urban building -- Master builder -- Change -- Double parlor -- Cottage and mansion -- Contractor -- Monuments.
=600  10$aStearns, Calvin,$d1778-1857.
=600  10$aStearns, George,$d1815-1859.
=650  \0$aCarpenters$zMassachusetts$vBiography.
=650  \0$aContractors$zMassachusetts$vBiography.
=650  \0$aBuilding$zNew England$xHistory$y19th century.
=650  \0$aArchitecture$zNew England$xHistory$y19th century.
=852  \\$aBritish Library$bDSC
=856  41$3Table of contents only$uhttp://www.loc.gov/catdir/toc/ecip063/2005032124.html
=CAT  \\$aBATCH-APP$b00$c20061221$lBLL01$h1107
=CAT  \\$aBATCH$b00$c20061221$lBLL01$h1107
=CAT  \\$aBATCH$b00$c20061221$lBLL01$h1109
=CAT  \\$aBATCH-UPD$b00$c20160608$lBLL01$h1936
=FMT  \\$a  BK
=LAS  \\$aBATCH-UPD$b00$c20160608$lBLL01$h1936

