=LDR  01440 am a22004098a 4500
=001  013641434
=003  Uk
=005  20070202111942.0
=008  060504s2006\\\\nyu\\\\\\\\\\\001\0\eng\\
=010  \\$a2006046465  
=020  \\$a0767922581
=040  \\$aDLC$cDLC$dDLC
=042  \\$apcc
=050  00$aHD30.23$b.A98 2006
=082  00$a658.4/03$222
=100  1\$aAutry, James A.
=245  14$aThe book of hard choices :$bhow to make the right decisions at work without losing your self-respect /$cby James A. Autry and Peter Roy.
=250  \\$a1st ed.
=260  \\$aNew York :$bMorgan Road,$c2006.
=263  \\$a0612
=300  \\$ap. cm.
=336  \\$atext$2rdacontent
=337  \\$aunmediated$2rdamedia
=338  \\$avolume$2rdacarrier
=500  \\$aIncludes index.
=650  \0$aDecision making.
=700  1\$aRoy, Peter,$d1956-
=852  \\$aBritish Library$bDSC
=856  42$3Contributor biographical information$uhttp://www.loc.gov/catdir/enhancements/fy0661/2006046465-b.html
=856  42$3Publisher description$uhttp://www.loc.gov/catdir/enhancements/fy0661/2006046465-d.html
=856  41$3Sample text$uhttp://www.loc.gov/catdir/enhancements/fy0704/2006046465-s.html
=CAT  \\$aBATCH-APP$b00$c20070111$lBLL01$h0922
=CAT  \\$aBATCH$b00$c20070111$lBLL01$h0923
=CAT  \\$aBATCH$b00$c20070111$lBLL01$h0924
=CAT  \\$a8440$b40$c20070202$lBLL01$h1119
=FMT  \\$a  BK
=LAS  \\$a8440$b40$c20070202$lBLL01$h1119

