=LDR  01186 am a22003618a 4500
=001  013657457
=003  Uk
=005  20070131190758.0
=008  060623s2007\\\\dcu\\\\\\b\\\\001\0\eng\\
=010  \\$a2006021146  
=020  \\$a9781591477327
=020  \\$a1591477328
=040  \\$aDLC$cDLC$dDLC
=050  00$aBF76$b.C38 2007
=082  00$a150.23/73$222
=245  00$aCareer paths in psychology :$bwhere your degree can take you /$cedited by Robert J. Sternberg.
=250  \\$a2nd ed.
=260  \\$aWashington, DC :$bAmerican Psychological Association,$c2007.
=263  \\$a0612
=300  \\$ap. cm.
=336  \\$atext$2rdacontent
=337  \\$aunmediated$2rdamedia
=338  \\$avolume$2rdacarrier
=504  \\$aIncludes bibliographical references and index.
=650  \0$aPsychology$xVocational guidance.
=700  1\$aSternberg, Robert J.
=852  \\$aBritish Library$bDSC
=856  41$3Table of contents only$uhttp://www.loc.gov/catdir/toc/ecip0616/2006021146.html
=CAT  \\$aBATCH-APP$b00$c20070201$lBLL01$h1039
=CAT  \\$aBATCH$b00$c20070201$lBLL01$h1040
=CAT  \\$aBATCH$b00$c20070201$lBLL01$h1041
=FMT  \\$a  BK
=LAS  \\$aBATCH$b00$c20070201$lBLL01$h1041

