=LDR  01677 am a22004218a 4500
=001  013674901
=003  Uk
=005  20070301122844.0
=008  060622s2007\\\\nyu\\\\\\\\\\\000\0\eng\\
=010  \\$a2006020852  
=020  \\$a9780446526562
=020  \\$a0446526568
=040  \\$aDLC$cDLC$dDLC
=050  00$aHD58.7$b.S935 2007
=082  00$a650.1/3$222
=100  1\$aSutton, Robert I.
=245  14$aThe no asshole rule :$bbuilding a civilized workplace and surviving one that isn't /$cRobert I. Sutton.
=246  30$aBuilding a civilized workplace
=260  \\$aNew York :$bWarner Business,$cc2007.
=263  \\$a0702
=300  \\$a210 p. ;$c22 cm.
=336  \\$atext$2rdacontent
=337  \\$aunmediated$2rdamedia
=338  \\$avolume$2rdacarrier
=505  0\$aWhat assholes do and why you know so many -- The damage done: why every workplace needs the rule -- How to implement the rule, enforce it, and keep it alive -- How to stop your "inner jerk" from getting out -- When assholes reign: tips for surviving nasty people and workplaces -- The virtues of assholes -- The no asshole rule as a way life.
=650  \0$aOrganizational behavior.
=650  \0$aBullying in the workplace.
=650  \0$aPsychological abuse.
=650  \0$aCourtesy.
=650  \0$aWork environment.
=852  \\$aBritish Library$bDSC
=856  41$3Table of contents only$uhttp://www.loc.gov/catdir/toc/ecip0616/2006020852.html
=CAT  \\$aBATCH-APP$b00$c20070216$lBLL01$h1057
=CAT  \\$aBATCH$b00$c20070216$lBLL01$h1057
=CAT  \\$aBATCH$b00$c20070216$lBLL01$h1058
=CAT  \\$a8440$b40$c20070301$lBLL01$h1228
=FMT  \\$a  BK
=LAS  \\$a8440$b40$c20070301$lBLL01$h1228

