=LDR  01799 am a22003978a 4500
=001  013676272
=003  Uk
=005  20070211032934.8
=008  060424s2006\\\\nyu\\\\\\b\\\\000\0\eng\\
=010  \\$a2006013682  
=020  \\$a9780916219314 (alk. paper)
=040  \\$aDLC$cDLC$dDLC
=042  \\$apcc
=050  00$aBJ1285.5.M8$bS76 2006
=082  00$a296.3/6$222
=100  1\$aStone, Ira F.,$d1949-
=245  12$aA responsible life :$bthe spiritual path of mussar /$cIra F. Stone.
=260  \\$aNew York, NY :$bAviv Press,$cc2006.
=263  \\$a0607
=300  \\$ap. cm.
=336  \\$atext$2rdacontent
=337  \\$aunmediated$2rdamedia
=338  \\$avolume$2rdacarrier
=504  \\$aIncludes bibliographical references.
=505  0\$aCreation -- Revelation -- Redemption -- Yetzer ha-tov and yetzer ha-ra -- Yirat haShem and ahavat haShem -- Kibush ha-yetzer and tikkun ha-yetzer -- Olam ha-zeh and olam ha-ba -- Shiur : learning -- Heshbon ha-nefesh : an accounting of the soul -- Hitpa'alut and studying with lips aflame -- Worldly wisdom -- Mazkeh ha-rabbim : the ethics of teaching -- The particularity of love and choosing Judaism -- Middot and mitzvot -- Staying awake and sharing the burden -- Hearing the cry and giving it voice -- Becoming a revelation -- Making space for eternity -- Hyperbole and messianism.
=650  \0$aMusar movement.
=650  \0$aJewish ethics.
=650  \0$aJewish way of life.
=650  \0$aJudaism$xDoctrines.
=852  \\$aBritish Library$bDSC
=856  41$3Table of contents only$uhttp://www.loc.gov/catdir/toc/ecip0613/2006013682.html
=CAT  \\$aBATCH-APP$b00$c20070219$lBLL01$h1514
=CAT  \\$aBATCH$b00$c20070219$lBLL01$h1514
=CAT  \\$aBATCH$b00$c20070219$lBLL01$h1517
=FMT  \\$a  BK
=LAS  \\$aBATCH$b00$c20070219$lBLL01$h1517

