=LDR  03480cam a22005417a 4500
=001  013681014
=003  Uk
=005  20230622164732.0
=007  he\amu|||baca
=008  070223s2006\\\\ne\a\\\\b\\\\f000\0ddut\d
=035  \\$a(OCoLC)85330643
=040  \\$aCOO$cCOO$dUk
=041  0\$adut$aeng$afre
=043  \\$aa-io---
=245  00$aPapers of Prof. C.G.C. Reinwardt (1773-1854) on the East Indies (c. 1755-1828)$h[microform].
=246  1\$iDutch title on verso t.p. of accompanying guide:$aArchief van Prof. C.G.C. Reinwardt (1773-1854) als Directeur tot de zaken van Landbouw, Kunsten en Wetenschappen
=246  1\$iOrder no.:$aMMP 131
=260  \\$aThe Hague :$bNationaal Archief ;$aAmsterdam :$bMoran Micropublications,$cc2006.
=300  \\$a22 microfiches +$e1 guide & concordance (14 p. ; 30 cm.)
=336  \\$atext$2rdacontent
=337  \\$amicroform$2rdamedia
=338  \\$amicrofiche$2rdacarrier
=490  1\$aScience in a colonial context ;$vpt. 3
=500  \\$aTitle and imprint from accompanying guide.
=500  \\$aAccompanying guide & concordance also available in a PDF or Word file downloadable from the publisher's Website.
=520  \\$aCaspar Georg Carl Reinwardt was born in the Rhineland province of Prussia in 1773, but moved to the Netherlands at a young age. He studied science and philosophy there, later becoming a professor of natural history. From 1817 to 1822 he served the Dutch in the East Indies, recently recovered from British control after the Napoleonic wars ended in 1815, as director of affairs for agriculture, arts and sciences. He is best known as the founder of the famous botanical gardens at Buitenzorg (now Bogor) on Java (1817). He traveled extensively in the archipelago in these years. His papers concern among others gathering samples of flora and fauna for the natural history collections in the Netherlands and scientific investigations into various subjects, such as earthquakes and volcanoes, mining and agriculture. Also included are various papers and memoranda of officials of the VOC (Dutch East India Company) from the second-half of the eighteenth century, as well as a short travel account by the Belgian artist A.A.J. Payen and a few documents from Reinwardt's period as professor in Leiden after his return from the Indies.
=546  \\$aDocuments chiefly in Dutch, with English and French; accompanying guide & concordance in English and Dutch.
=600  10$aReinwardt, C. G. C.$q(Caspar Georg Carl),$d1773-1854$vArchives.
=600  10$aReinwardt, C. G. C.$q(Caspar Georg Carl),$d1773-1854$xTravel$zIndonesia.
=650  \0$aNatural history$zIndonesia.
=651  \0$aIndonesia$xDescription and travel.
=700  1\$aReinwardt, C. G. C.$q(Caspar Georg Carl),$d1773-1854.
=710  2\$aNationaal Archief (Netherlands)
=710  2\$aMoran Micropublications.
=830  \0$aScience in a colonial context ;$vpt. 3
=852  41$aBritish Library$bHMNTS
=856  42$3Guide & concordance$uhttp://www.moranmicropublications.nl/MMP131.htm
=CAT  \\$a11375$b40$c20070223$lBLL01$h1421
=CAT  \\$a11250$b40$c20070416$lBLL01$h1120
=CAT  \\$a11250$b40$c20070416$lBLL01$h1141
=CAT  \\$aBATCH$b00$c20091217$lBLL01$h0447
=CAT  \\$aBATCH$b00$c20100103$lBLL01$h1241
=CAT  \\$aBATCH-UPD$b00$c20230403$lBLL01$h2117
=CAT  \\$aW2306-1299$c20230622$lBLL01$h1652
=FIN  \\$aY$d20070416
=FMT  \\$a  BK
=LAS  \\$aW2306-1299$b00$c20230622$lBLL01$h1652
=SID  \\$aZ39$bOCLC

