=LDR  01765 am a22004578a 4500
=001  013707470
=003  Uk
=005  20070401015928.8
=008  060908s2007\\\\nbu\\\\\\b\\\s001\0beng\\
=010  \\$a2006029802  
=020  \\$a9780803259904 (pbk. : alk. paper)
=020  \\$a0803259905 (pbk. : alk. paper)
=040  \\$aDLC$cDLC$dDLC
=043  \\$an-us-wy
=050  00$aPS3523.O237$bZ6 2007
=082  00$a813/.52$aB$222
=100  1\$aClayton, John,$d1964-
=245  14$aThe cowboy girl :$bthe life of Caroline Lockhart /$cJohn Clayton.
=260  \\$aLincoln :$bUniversity of Nebraska Press,$c2007.
=263  \\$a0712
=300  \\$ap. cm.
=336  \\$atext$2rdacontent
=337  \\$aunmediated$2rdamedia
=338  \\$avolume$2rdacarrier
=490  0\$aWomen in the West
=504  \\$aIncludes bibliographical references and index.
=505  0\$aBorn on a horse -- Stunt girl -- Cowboy novelist -- Cowboy publisher -- Cowboy girl.
=600  10$aLockhart, Caroline,$d1871-1962.
=650  \0$aNovelists, American$y20th century$vBiography.
=650  \0$aWomen ranchers$zWyoming$vBiography.
=852  \\$aBritish Library$bDSC
=856  41$3Table of contents only$uhttp://www.loc.gov/catdir/toc/ecip0620/2006029802.html
=856  42$3Contributor biographical information$uhttp://www.loc.gov/catdir/enhancements/fy0705/2006029802-b.html
=856  42$3Publisher description$uhttp://www.loc.gov/catdir/enhancements/fy0705/2006029802-d.html
=CAT  \\$aBATCH-APP$b00$c20070402$lBLL01$h1203
=CAT  \\$aBATCH$b00$c20070402$lBLL01$h1203
=CAT  \\$aBATCH$b00$c20070402$lBLL01$h1205
=CAT  \\$a5194$b40$c20170518$lBLL01$h1122
=CAT  \\$aBATCH-UPD$b40$c20170518$lBLL01$h1122
=FMT  \\$a  BK
=LAS  \\$aBATCH-UPD$b40$c20170518$lBLL01$h1122

