=LDR  01539 am a22003978a 4500
=001  013707492
=003  Uk
=005  20070401015928.8
=008  061026s2007\\\\mau\\\\\\b\\\\001\0\eng\\
=010  \\$a2006035718  
=020  \\$a9780618610037
=020  \\$a0618610030
=040  \\$aDLC$cDLC$dDLC
=050  00$aR723.5$b.G75 2007
=082  00$a610$222
=100  1\$aGroopman, Jerome E.
=245  10$aHow doctors think /$cJerome Groopman.
=260  \\$aBoston :$bHoughton Mifflin Co.,$c2007.
=263  \\$a0703
=300  \\$ap. cm.
=336  \\$atext$2rdacontent
=337  \\$aunmediated$2rdamedia
=338  \\$avolume$2rdacarrier
=504  \\$aIncludes bibliographical references and index.
=505  0\$aFlesh and blood decision making -- Lessons from the heart -- Spinning plates -- Gatekeepers -- A new mother's challenge -- The uncertainty of the expert -- Surgery and satisfaction -- The eye of the beholder -- Marketing, money, and medical decisions -- In service of the soul.
=650  \0$aMedicine$xDecision making.
=650  \0$aMedical logic.
=650  \0$aPhysicians$xPsychology.
=852  \\$aBritish Library$bDSC
=856  41$3Table of contents only$uhttp://www.loc.gov/catdir/toc/ecip073/2006035718.html
=856  42$3Publisher description$uhttp://www.loc.gov/catdir/enhancements/fy0708/2006035718-d.html
=CAT  \\$aBATCH-APP$b00$c20070402$lBLL01$h1203
=CAT  \\$aBATCH$b00$c20070402$lBLL01$h1203
=CAT  \\$aBATCH$b00$c20070402$lBLL01$h1205
=FMT  \\$a  BK
=LAS  \\$aBATCH$b00$c20070402$lBLL01$h1205

