=LDR  01727 am a2200433 a 4500
=001  013712261
=003  Uk
=005  20180717150917.0
=008  061128s2007\\\\nyuab\\\\b\\\\001\0\eng\\
=010  \\$a2006039187  
=020  \\$a9780307347596
=040  \\$aDLC$cDLC$dDLC
=043  \\$an-us---
=050  00$aHV6432$b.H84 2007
=082  00$a363.325/15610973$222
=100  1\$aHunt, David,$cColonel,$d1947-
=245  10$aOn the Hunt :$bhow to wake up Washington and win the War on terror /$cDavid Hunt.
=250  \\$a1st ed.
=260  \\$aNew York :$bCrown Forum,$cc2007.
=300  \\$a259 p. :$bill., map ;$c25 cm.
=336  \\$atext$2rdacontent
=337  \\$aunmediated$2rdamedia
=338  \\$avolume$2rdacarrier
=504  \\$aIncludes bibliographical references and index.
=505  0\$aRight in front of us -- Getting the war on terror right -- The plain truth about Iraq -- The threats we face -- These guys are serious -- Are we prepared? -- What you don't know about our borders -- Bravest of the brave, led by idiots -- Hands off -- What we can do?
=650  \0$aWar on Terrorism, 2001-2009.
=650  \0$aIraq War, 2003-
=650  \0$aTerrorism$xGovernment policy$zUnited States.
=650  \0$aNational security$zUnited States.
=651  \0$aUnited States$xMilitary policy.
=852  \\$aBritish Library$bDSC
=856  41$3Table of contents only$uhttp://www.loc.gov/catdir/toc/ecip075/2006039187.html
=CAT  \\$aBATCH-APP$b00$c20070412$lBLL01$h1016
=CAT  \\$aBATCH$b00$c20070412$lBLL01$h1016
=CAT  \\$aBATCH$b00$c20070412$lBLL01$h1018
=CAT  \\$a11249$b40$c20100419$lBLL01$h1454
=CAT  \\$a8962$b40$c20180717$lBLL01$h1509
=FMT  \\$a  BK
=LAS  \\$a8962$b40$c20180717$lBLL01$h1509

