=LDR  01342 as a2200409 a 4500
=001  013712898
=003  Uk
=005  20070413105751.0
=008  021011cuuuu9999pl\uu\p\\\\\\\0\\\\0eng\d
=010  \\$a2002248616
=035  \\$a(OCoLC)50769762
=040  \\$aNYP$cNYP
=042  \\$alcd
=043  \\$ae-ur---
=245  00$aReport CES /$cOśrodek Studiów Wschodnich = Center for Eastern Studies.
=246  13$aCES report
=260  \\$aWarszawa :$bOśrodek,
=300  \\$av. ;$c30 cm.
=336  \\$atext$2rdacontent
=337  \\$aunmediated$2rdamedia
=338  \\$avolume$2rdacarrier
=500  \\$aDescription based on: May 2001.
=530  \\$aLatest issue also available online.
=580  \\$aIssued also in a Polish ed.
=651  \0$aFormer Soviet republics$xEconomic conditions$vPeriodicals.
=651  \0$aFormer Soviet republics$xPolitics and government$vPeriodicals.
=710  2\$aOśrodek Studiów Wschodnich.
=852  41$aBritish Library$bHMNTS$3May (2005)
=856  41$3Latest issue.$uhttp://www.osw.waw.pl/pub/rap2002/arcrap.htm
=948  \\$hNO HOLDINGS IN BLX - 4 OTHER HOLDINGS
=994  \\$aZ0$bBLX
=CAT  \\$a12420$b40$c20070413$lBLL01$h1057
=CAT  \\$aBATCH-UPD$b40$c20160924$lBLL01$h0050
=FMT  \\$a  SE
=LAS  \\$aBATCH-UPD$b40$c20160924$lBLL01$h0050
=SID  \\$aZ39$bOCLC
=TCO  \\$aXXX$c008

