=LDR  01525 am a22003858a 4500
=001  013748670
=003  Uk
=005  20070516194215.8
=008  070215s2007\\\\nyu\\\\\\b\\\\001\0\eng\\
=010  \\$a2007006487  
=020  \\$a9781565849105
=040  \\$aDLC$cDLC$dDLC
=043  \\$an-us-ga$an-us---
=050  00$aKF224.G3784$bR67 2007
=082  00$a345.758/47302523$222
=100  1\$aRose, David,$d1959 July 21-
=245  14$aThe Big Eddy Club :$bthe stocking stranglings and southern justice /$cDavid Rose.
=260  \\$aNew York :$bNew Press,$c2007.
=263  \\$a0705
=300  \\$ap. cm.
=336  \\$atext$2rdacontent
=337  \\$aunmediated$2rdamedia
=338  \\$avolume$2rdacarrier
=504  \\$aIncludes bibliographical references and index.
=505  0\$aThe best place on earth -- We've got a maniac -- Ghost-hunting -- Dragnet -- The hanging judge -- Under color of law -- The trial -- A benchmark for justice -- To the death house -- Violation -- Due process -- Southern justice and the stocking stranglings.
=600  10$aGary, Carlton$vTrials, litigation, etc.
=650  \0$aTrials (Murder)$zGeorgia$zColumbus.
=650  \0$aSerial murderers$zUnited States.
=852  \\$aBritish Library$bDSC
=856  41$3Table of contents only$uhttp://www.loc.gov/catdir/toc/ecip0711/2007006487.html
=CAT  \\$aBATCH-APP$b00$c20070517$lBLL01$h1548
=CAT  \\$aBATCH$b00$c20070517$lBLL01$h1549
=CAT  \\$aBATCH$b00$c20070517$lBLL01$h1550
=FMT  \\$a  BK
=LAS  \\$aBATCH$b00$c20070517$lBLL01$h1550

