=LDR  01603 am a22004218a 4500
=001  013757678
=003  Uk
=005  20070530194253.9
=008  070108s2007\\\\mdu\\\\\\b\\\\000\0\eng\\
=010  \\$a2007000368  
=020  \\$a9780742558588 (cloth : alk. paper)
=020  \\$a0742558584 (cloth : alk. paper)
=020  \\$a9780742558595 (pbk. : alk. paper)
=020  \\$a0742558592 (pbk. : alk. paper)
=040  \\$aDLC$cDLC$dDLC
=050  00$aHQ755.8$b.C364 2007
=082  00$a173$222
=100  1\$aCarey, Seamus,$d1965-
=245  14$aThe faithful parent:$bdiscovering the spirit of purposeful parenting /$cSeamus Carey.
=260  \\$aLanham, Md. :$bRowman & Littlefield Publishers,$c2007.
=263  \\$a0705
=300  \\$ap. cm.
=336  \\$atext$2rdacontent
=337  \\$aunmediated$2rdamedia
=338  \\$avolume$2rdacarrier
=504  \\$aIncludes bibliographical references.
=505  0\$aIntroduction -- Faith in the higher self -- Faith in the world -- Faith in the child -- Faith in reason -- Faith and freedom or faith in faith -- Epilogue: Simple steps to philosophical faith.
=650  \0$aParenting$xPhilosophy.
=650  \0$aParenting$xReligious aspects.
=650  \0$aParenting$xPsychological aspects.
=650  \0$aParent and child.
=852  \\$aBritish Library$bDSC
=856  41$3Table of contents only$uhttp://www.loc.gov/catdir/toc/ecip079/2007000368.html
=CAT  \\$aBATCH-APP$b00$c20070531$lBLL01$h0858
=CAT  \\$aBATCH$b00$c20070531$lBLL01$h0858
=CAT  \\$aBATCH$b00$c20070531$lBLL01$h0900
=FMT  \\$a  BK
=LAS  \\$aBATCH$b00$c20070531$lBLL01$h0900

