=LDR  01431cam a22004218a 4500
=001  013763374
=003  Uk
=005  20070606213420.8
=008  070112s2007\\\\nyu\\\\\\\\\\\000\0\eng\\
=010  \\$a2007001330  
=020  \\$a9780345497918 (pbk. : alk. paper)
=040  \\$aDLC$cDLC$dDLC
=050  00$aHV6250.4.W65$bM437 2007
=082  00$a362.82/920922$222
=245  02$aA memory, a monologue, a rant, and a prayer /$cedited by Eve Ensler and Mollie Doyle.
=260  \\$aNew York :$bVillard,$cc2007.
=263  \\$a0706
=300  \\$ap. cm.
=336  \\$atext$2rdacontent
=337  \\$aunmediated$2rdamedia
=338  \\$avolume$2rdacarrier
=650  \0$aWomen$xViolence against.
=650  \0$aGirls$xViolence against.
=650  \0$aFamily violence.
=650  \0$aWomen$xViolence against$vLiterary collection.
=650  \0$aGirls$xViolence against$vLiterary collection.
=650  \0$aFamily violence$vLiterary collection.
=700  0\$aV,$d1953-
=700  1\$aDoyle, Mollie.
=852  \\$aBritish Library$bDSC
=856  41$3Table of contents only$uhttp://www.loc.gov/catdir/toc/ecip078/2007001330.html
=CAT  \\$aBATCH-APP$b00$c20070607$lBLL01$h1208
=CAT  \\$aBATCH$b00$c20070607$lBLL01$h1208
=CAT  \\$aBATCH$b00$c20070607$lBLL01$h1210
=CAT  \\$a7416$b40$c20221206$lBLL01$h1054
=CAT  \\$aBATCH-UPD$b40$c20221206$lBLL01$h1054
=FMT  \\$a  BK
=LAS  \\$aBATCH-UPD$b40$c20221206$lBLL01$h1054

