=LDR  01794pam a2200517 a 4500
=001  011613735
=003  Uk
=005  20050722114218.0
=008  030110s2004\\\\njuab\\\\b\\\\001\0\eng\\
=010  \\$a2003041129
=015  \\$aGBA3W9820$2bnb
=019  y\$abA3W9820
=019  9\$a0471219630
=020  \\$a0471219630 (pbk) :$cNo price
=039  0\$a2744
=040  \\$aStDuBDS$dUk
=042  \\$aukblsr
=043  \\$an-us---
=050  00$aQ161.2$b.T74 2004
=082  00$a500$222
=100  1\$aTrefil, James,$d1938-
=245  14$aThe sciences :$ban integrated approach /$cJames Trefil, Robert M. Hazen.
=250  \\$a4th ed.
=260  \\$aNew York ;$aChichester :$bWiley,$c2003.
=300  \\$a1 v. (various pagings) :$bill. (chiefly col.), col. maps ;$c26 cm.
=336  \\$atext$2rdacontent
=337  \\$aunmediated$2rdamedia
=338  \\$avolume$2rdacarrier
=500  \\$aFormerly CIP.$5Uk
=504  \\$aIncludes bibliographical references and index.
=650  \0$aScience$xStudy and teaching (Higher)$zUnited States.
=700  1\$aHazen, Robert M.,$d1948-
=852  41$aBritish Library$bHMNTS
=856  42$3Contributor biographical information$uhttp://www.loc.gov/catdir/bios/wiley044/2003041129.html
=856  42$3Publisher description$uhttp://www.loc.gov/catdir/description/wiley037/2003041129.html
=856  41$3Table of contents$uhttp://www.loc.gov/catdir/toc/wiley031/2003041129.html
=CAT  \\$aCONV$b00$c20040425$lBLL90$h0534
=CAT  \\$aCONV$b00$c20040502$lBLL01$h1441
=CAT  \\$a6605$b40$c20050722$lBLL01$h1142
=CAT  \\$aBATCH-UPD$b40$c20140622$lBLL01$h2122
=FIN  \\$aY$d20050722
=FMT  \\$a  BK
=LAS  \\$aBATCH-UPD$b40$c20140622$lBLL01$h2122
=LEO  \\$aMP5.0000157140
=SID  \\$aZ39$bLOC
=SRC  \\$aBNB03$bbibmp5.200404.2.aa

