=LDR  02065pam a2200577 a 4500
=001  012276621
=003  Uk
=005  20051025085045.0
=008  030723s2003\\\\scua\\\\\bc\\s000\0\eng\\
=010  \\$a2003016689
=015  \\$aGBA3U2490$2bnb
=019  y\$abA3U2490
=019  9\$a1570035326
=020  \\$a1570035326 :$c£28.50
=020  \\$a1570035334 (pbk.) :$c£20.50
=039  0\$a2762
=040  \\$aStDuBDS$dUk
=042  \\$aukblsr
=043  \\$an-us-sc
=050  00$aNK7112$b.P35 2003
=082  00$a739.230975707475771$222
=245  00$aPalmetto silver :$briches of the South : a celebration of South Carolina silver.
=260  \\$aColumbia, S.C. :$bUniversity of South Carolina Press ;$aLondon :$bEurospan,$c2003.
=300  \\$ax, 83 p. :$bcol. ill. ;$c28 cm.
=336  \\$atext$2rdacontent
=337  \\$aunmediated$2rdamedia
=338  \\$avolume$2rdacarrier
=500  \\$aExhibition held at McKissick Museum, College of Liberal Arts, University of South Carolina, Sept. 15-Dec. 1, 2002; curated by Karen Klein Swager.
=500  \\$aFormerly CIP.$5Uk
=504  \\$aIncludes bibliographical references (p. 3).
=610  24$aMcKissick Museum$vExhibitions.
=650  \0$aSilverwork$zSouth Carolina$xHistory$y18th century$vExhibitions.
=650  \0$aSilverwork$zSouth Carolina$xHistory$y19th century$vExhibitions.
=700  1\$aSwager, Karen Klein,$d1959-
=710  2\$aMcKissick Museum.
=852  41$aBritish Library$bHMNTS
=856  41$3Table of contents$uhttp://www.loc.gov/catdir/toc/ecip047/2003016689.html
=957  \\$r17/3/04$tM/37894-01
=CAT  \\$aCONV$b00$c20040425$lBLL90$h0540
=CAT  \\$aCONV$b00$c20040502$lBLL01$h1504
=CAT  \\$a6605$b40$c20051025$lBLL01$h0847
=CAT  \\$a6605$b40$c20051025$lBLL01$h0850
=CAT  \\$aBATCH$b00$c20091210$lBLL01$h2227
=FIN  \\$aY$d20051025
=FMT  \\$a  BK
=LAS  \\$aBATCH$b00$c20091210$lBLL01$h2227
=LDO  \\$aCIP$bpbk
=LEO  \\$aMP5.0000356597
=SID  \\$aZ39$bLOC
=SRC  \\$aLDS01$bbiblm.200404.2.aa
=SRC  \\$aBNB03$bbibmp5.200404.2.aa

