=LDR  01892 am a2200541 i 4500
=001  008287882
=003  Uk
=005  20160728123713.0
=008  030530s2002\\\\gw\\\\\\\\\\\\000\0\ger\\
=010  \\$a  2003476503
=020  \\$a3935582013$q(pbk.)
=020  \\$a9783935582018$q(pbk.)
=035  \\$a(OCoLC)52270999
=040  \\$aDLC$beng$cDLC$dOHX$dOCLCG$dHEBIS$dOCLCQ$dOCLCF$dOCLCO$dOCLCQ$dUk$erda
=042  \\$aukblcatcopy
=043  \\$ae-gx---
=050  00$aJZ5584.G3$bF35 2002
=072  \7$aJZ$2lcco
=072  \7$aHN$2lcco
=072  \7$aLC$2lcco
=245  00$a"Fall Nolz", oder, die aktuelle Gestalt des verordneten Antipazifismus :$bDokumentation der Kampagne gegen einen Lehrer und eine Einrichtung zur Friedensförderung. /$cEdgar Weiss (Hg.).
=260  \\$aKiel :$bGötzelmann,$c2002.
=300  \\$a155 pages ;$c21 cm
=336  \\$atext$btxt$2rdacontent
=337  \\$aunmediated$bn$2rdamedia
=338  \\$avolume$bnc$2rdacarrier
=600  10$aNolz, Bernhard,$d1944-
=600  17$aNolz, Bernhard,$d1944-$2fast$0(OCoLC)fst01567698
=600  17$aNolz, Bernhard.$2swd
=650  \0$aPacifists$zGermany.
=650  \7$aPacifists.$2fast$0(OCoLC)fst01050133
=650  07$aPazifismus.$2swd
=650  07$aRede.$2swd
=650  07$aDisziplinarverfahren.$2swd
=650  07$aElfter September.$2swd
=651  \7$aGermany.$2fast$0(OCoLC)fst01210272
=700  1\$aWeiss, Edgar,$d1957-
=852  41$aBritish Library$bHMNTS
=856  41$3Table of contents$uhttp://catdir.loc.gov/catdir/toc/fy0713/2003476503.html
=CAT  \\$aCONV$b00$c20040425$lBLL90$h0916
=CAT  \\$aCONV$b00$c20040502$lBLL01$h1246
=CAT  \\$aBATCH$b00$c20091209$lBLL01$h0109
=CAT  \\$a11131$b40$c20160728$lBLL01$h1237
=CAT  \\$aW1707-0052$c20170703$lBLL01$h1841
=FIN  \\$aY$d20160728
=FMT  \\$a  BK
=LAS  \\$aW1707-0052$b00$c20170703$lBLL01$h1841
=SID  \\$aZ39$bOCLC

