=LDR  01822pam a2200577 a 4500
=001  009046931
=003  Uk
=005  20050319140044.0
=008  041109s2004\\\\nyua\\\\\\\\\\001\0\eng\\
=010  \\$a2004275101
=015  \\$aGBA3V5001$2bnb
=016  7\$a009046931$2Uk
=019  y\$abA3V5001
=019  9\$a0071410805
=020  \\$a0071410805 (pbk) :$c£11.99
=039  0\$a2754
=040  \\$aStDuBDS$dUk
=042  \\$aukblsr
=050  00$aHF1017$b.K39 2004
=082  04$a519.502465$222
=100  1\$aKazmier, Leonard J.
=245  10$aSchaum's outline of theory and problems of business statistics /$cLeonard J. Kazmier.
=246  30$aOutline of theory and problems of business statistics
=246  30$aBusiness statistics
=250  \\$a4th ed.
=260  \\$aNew York ;$aLondon :$bMcGraw-Hill,$cc2004.
=300  \\$axiii, 404 p. :$bill. ;$c28 cm.
=336  \\$atext$2rdacontent
=337  \\$aunmediated$2rdamedia
=338  \\$avolume$2rdacarrier
=490  0\$aSchaum's outline series
=500  \\$aIncludes index.
=500  \\$aFormerly CIP.$5Uk
=650  \0$aCommercial statistics.
=650  \0$aEconomics$xStatistical methods.
=852  41$aBritish Library$bHMNTS
=856  42$3Publisher description$uhttp://www.loc.gov/catdir/description/mh051/2004275101.html
=CAT  \\$aCONV$b00$c20040425$lBLL90$h0532
=CAT  \\$aCONV$b00$c20040502$lBLL01$h1314
=CAT  \\$a9657$b40$c20050319$lBLL01$h1356
=CAT  \\$a9657$b40$c20050319$lBLL01$h1400
=CAT  \\$aBATCH$b00$c20091209$lBLL01$h0325
=CAT  \\$aWR16_021$c20160609$lBLL01$h1950
=FIN  \\$aY$d20050319
=FMT  \\$a  BK
=LAS  \\$aWR16_021$b00$c20160609$lBLL01$h1950
=LDO  \\$aCIP
=LEO  \\$aMP5.0000075310
=SRC  \\$aLDS01$bbiblm.200404.2.aa
=SRC  \\$aBNB03$bbibmp5.200404.2.aa
=SRC  \\$aBLL02

