=LDR  01777 am a2200529 a 4500
=001  009624837
=003  Uk
=005  20140102133609.0
=008  020107s2001\\\\enka\\\\\bc\\\001\0\eng\c
=010  \\$a2002327456
=015  \\$aGBA591309$2bnb
=020  \\$a1855859173 (hb.) :$c£20.00
=020  \\$a1855859459 (pbk.) :$cNo price
=035  \\$a(OCoLC)ocm48716223
=040  \\$aZQP$cDLC$dZQP$dDLC$dUk
=042  \\$aukblsr
=082  00$a741.64092$222
=100  1\$aMorgan, Chris,$d1946-
=245  10$aHardyware :$bthe art of David A. Hardy /$ctext by Chris Morgan.
=246  30$aArt of David A. Hardy
=260  \\$aLondon :$bPaper Tiger,$c2001.
=300  \\$a128 p. :$bill. (chiefly col.) ;$c30 cm.
=336  \\$atext$2rdacontent
=337  \\$aunmediated$2rdamedia
=338  \\$avolume$2rdacarrier
=500  \\$aForeword by Stephen Baxter.
=504  \\$aIncludes bibliographical references (p. 125) and index.
=600  10$aHardy, David A.$vCatalogs.
=650  \0$aScience fiction in art$vCatalogs.
=650  \0$aOuter space$vIn art$vCatalogs.
=700  1\$aHardy, David A.
=700  1\$aBaxter, Stephen.
=852  41$aBritish Library$bHMNTS
=856  42$3Publisher description$uhttp://www.loc.gov/catdir/description/ste022/2002327456.html
=957  \\$r31/10/03$tM/36380-01
=CAT  \\$aCONV$b00$c20040425$lBLL90$h0918
=CAT  \\$aCONV$b00$c20040502$lBLL01$h1331
=CAT  \\$a10883$b40$c20051027$lBLL01$h1102
=CAT  \\$a10883$b40$c20051027$lBLL01$h1130
=CAT  \\$a8962$b40$c20140102$lBLL01$h1336
=CAT  \\$aBATCH-UPD$b40$c20160113$lBLL01$h2029
=FIN  \\$aY$d20051027
=FMT  \\$a  BK
=LAS  \\$aBATCH-UPD$b40$c20160113$lBLL01$h2029
=LDO  \\$aLDO$bhbk$c31/7/03
=SID  \\$aZ39$bLOC
=SRC  \\$aLDS01$bbiblm.200404.2.aa

