=LDR  01687pam a2200529 a 4500
=001  009700214
=003  Uk
=005  20051027124715.0
=008  040518s2004\\\\enkb\\\\\b\\\\001\0beng\d
=010  \\$a2004299453  
=015  \\$aGBA4Z9814$2bnb
=019  y\$abA4Z9814
=019  9\$a0199266530
=020  \\$a0199266530 (alk. paper) :$c£16.99
=035  \\$a(OCoLC)ocm54930368
=039  0\$a2771
=040  \\$aStDuBDS$dUk
=042  \\$aukblsr
=050  00$aBS2506.3$b.M87 2004
=082  00$a225.92$222
=100  1\$aMurphy-O'Connor, J.$q(Jerome),$d1935-2013.
=245  10$aPaul :$bhis story /$cJerome Murphy-O'Connor.
=260  \\$aOxford ;$aNew York :$bOxford University Press,$c2004.
=300  \\$axiii, 259 p. :$bmaps ;$c22 cm.
=336  \\$atext$2rdacontent
=337  \\$aunmediated$2rdamedia
=338  \\$avolume$2rdacarrier
=500  \\$aFormerly CIP.$5Uk
=504  \\$aIncludes bibliographical references (p. [240]-[251]) and index.
=600  04$aPaul,$cthe Apostle, Saint.
=600  00$aPaul,$cthe Apostle, Saint.
=650  \0$aChristian saints$vBiography.
=852  41$aBritish Library$bHMNTS
=856  41$3Table of contents$uhttp://www.loc.gov/catdir/toc/fy045/2004299453.html
=957  \\$r13/4/04$tM/38096-09
=CAT  \\$aCONV$b00$c20040425$lBLL90$h0533
=CAT  \\$aCONV$b00$c20040502$lBLL01$h1336
=CAT  \\$a5375$b40$c20051027$lBLL01$h1247
=CAT  \\$aBATCH-UPD$b40$c20170209$lBLL01$h2043
=FIN  \\$aY$d20051027
=FMT  \\$a  BK
=LAS  \\$aBATCH-UPD$b40$c20170209$lBLL01$h2043
=LDO  \\$aCIP$bhbk
=LEO  \\$aMP5.0000098935
=SRC  \\$aLDS01$bbiblm.200404.2.aa
=SRC  \\$aBNB03$bbibmp5.200404.2.aa
=SRC  \\$aBLL02

