=LDR  01892pam a2200577 a 4500
=001  009707898
=003  Uk
=005  20051026110036.0
=008  030912s2004\\\\ilua\\\\\b\\\\001\0\eng\\
=010  \\$a2003020323  
=015  \\$aGBA3T9397$2bnb
=019  y\$abA3T9397
=019  9\$a0793179599
=020  \\$a0793179599 (pbk) :$c£21.50
=039  0\$a2765
=040  \\$aStDuBDS$dUk
=042  \\$aukblsr
=050  00$aHD1394$b.G656 2004
=082  00$a333.3385068$222
=100  1\$aGoodwin, Daniel$q(Daniel L.)
=245  14$aThe landlord's handbook :$ba complete guide to managing small investment properties /$cDaniel Goodwin, Richard Rusdorf, and Barbara McNichol.
=250  \\$a3rd ed.
=260  \\$aChicago, Ill. :$bDearborn ;$a[London :$bEurospan, distributor],$cc2004.
=300  \\$axii, 219 p. :$bill. ;$c28 cm.
=336  \\$atext$2rdacontent
=337  \\$aunmediated$2rdamedia
=338  \\$avolume$2rdacarrier
=500  \\$aFormerly CIP.$5Uk
=504  \\$aIncludes bibliographical references (p. 197-210) and index.
=650  \0$aReal estate management.
=650  \0$aRental housing.
=650  \0$aResidential real estate$xManagement.
=650  \0$aCommercial real estate$xManagement.
=650  \0$aLandlords.
=650  \0$aLandlord and tenant.
=700  1\$aRusdorf, Richard.
=700  1\$aMcNichol, Barbara.
=852  41$aBritish Library$bHMNTS
=856  41$3Table of contents$uhttp://www.loc.gov/catdir/toc/ecip049/2003020323.html
=957  \\$r20/3/04$tM/37930-07
=CAT  \\$aCONV$b00$c20040425$lBLL90$h0538
=CAT  \\$aCONV$b00$c20040502$lBLL01$h1336
=CAT  \\$a5375$b40$c20051026$lBLL01$h1100
=FIN  \\$aY$d20051026
=FMT  \\$a  BK
=LAS  \\$a5375$b40$c20051026$lBLL01$h1100
=LDO  \\$aCIP$bpbk
=LEO  \\$aMP5.0000275855
=SRC  \\$aLDS01$bbiblm.200404.2.aa
=SRC  \\$aBNB03$bbibmp5.200404.2.aa
=SRC  \\$aBLL02

