=LDR  01903pam a2200553 a 4500
=001  009711286
=003  Uk
=005  20051025092511.0
=008  020624s2002\\\\nyua\\\c\\\\\\001\0\eng\\
=010  \\$a2002009684
=015  \\$aGBA3Y3617$2bnb
=019  y\$abA3Y3617
=019  9\$a0806977450
=020  \\$a0806977450 (cased) :$c£12.99
=039  0\$a2734
=040  \\$aStDuBDS$dUk
=042  \\$aukblsr$alcac
=050  00$aQC863.5$b.D57 2002
=082  00$a551.5$222
=100  10$aDispezio, Michael A.
=245  10$aWeather mania :$bdiscovering what's up and what's coming down /$cMichael A. Dispezio ; [illustrated by Dave Garbot].
=260  \\$aNew York :$bSterling Juvenile ;$aPoole, :$bChris Lloyd at Orca Book Services [distributor],$c2002.
=300  \\$a80 p. :$bcol. ill. ;$c27 cm.
=336  \\$atext$2rdacontent
=337  \\$aunmediated$2rdamedia
=338  \\$avolume$2rdacarrier
=500  \\$aIncludes index.
=500  \\$aFormerly CIP.$5Uk
=520  \\$aDiscusses air pressure, temperature, humidity, dew point, rain, wind, lightning, thunder, tornadoes, hurricanes, and other weather-related topics.
=650  \0$aMeteorology$vJuvenile literature.
=650  \1$aWeather.
=650  \1$aMeteorology.
=700  1\$aGarbot, Dave.
=852  41$aBritish Library$bHMNTS
=856  42$3Publisher description$uhttp://www.loc.gov/catdir/description/ste022/2002009684.html
=916  \\$a700=NOTNAL
=957  \\$r17/3/04$tM/37909-18
=CAT  \\$aCONV$b00$c20040425$lBLL90$h0538
=CAT  \\$aCONV$b00$c20040502$lBLL01$h1336
=CAT  \\$a9678$b40$c20051025$lBLL01$h0925
=CAT  \\$aBATCH-UPD$b40$c20190130$lBLL01$h1924
=FIN  \\$aY$d20051025
=FMT  \\$a  BK
=LAS  \\$aBATCH-UPD$b40$c20190130$lBLL01$h1924
=LDO  \\$aCIP$bhbk
=LEO  \\$aMP5.0000281386
=SID  \\$aZ39$bLOC
=SRC  \\$aLDS01$bbiblm.200404.2.aa
=SRC  \\$aBNB03$bbibmp5.200404.2.aa

