=LDR  01766pam a2200541 a 4500
=001  006898292
=003  Uk
=005  20061030112406.0
=008  040604s2003\\\\mnu\\\\\\b\\\\000\0\eng\d
=010  \\$a  2004274576
=015  \\$aGBA3U5903$2bnb
=016  7\$a006898292$2Uk
=019  y\$abA3U5903
=019  9\$a0806637242
=020  \\$a0806637242 (pbk) :$c£8.99
=039  0\$a2420
=040  \\$aStDuBDS$dUk
=042  \\$aukblsr
=050  00$aBS2515$b.W26 2003
=082  04$a248.4$221
=100  1\$aWalker, Scott,$d1950-
=245  10$aFootsteps of the fisherman :$bwith St. Peter on the path of discipleship /$cScott Walker.
=260  \\$aMinneapolis, Minn. :$bAugsburg ;$aEdinburgh :$bAlban,$c2003.
=300  \\$a168 p. ;$c23 cm.
=336  \\$atext$2rdacontent
=337  \\$aunmediated$2rdamedia
=338  \\$avolume$2rdacarrier
=500  \\$aFormerly CIP.$5Uk
=504  \\$aIncludes bibliographical references (p. 160-168).
=600  00$aPeter,$cthe Apostle, Saint.
=600  00$aJesus Christ$xFriends and associates.
=650  \0$aChristian life.
=852  41$aBritish Library$bHMNTS
=856  41$3Table of contents only$uhttp://www.loc.gov/catdir/toc/fy0610/2004274576.html
=CAT  \\$aCONV$b00$c20040425$lBLL90$h0538
=CAT  \\$aCONV$b00$c20040502$lBLL01$h1336
=CAT  \\$aCIP_LDO_M$b00$c20050604$lBLL01$h1520
=CAT  \\$aBATCH-BUOC$b00$c20061019$lBLL01$h2137
=CAT  \\$a6605$b40$c20061030$lBLL01$h1124
=CAT  \\$aBATCH$b00$c20091118$lBLL01$h0158
=CAT  \\$aWR16_021$c20160608$lBLL01$h1732
=FIN  \\$aY$d20061019
=FMT  \\$a  BK
=LAS  \\$aWR16_021$b00$c20160608$lBLL01$h1732
=LDO  \\$aCIP
=LEO  \\$aMP5.0000280748
=SRC  \\$aLDS01$bbiblm.200404.2.aa
=SRC  \\$aBNB03$bbibmp5.200404.2.aa

