=LDR  01776pam a2200541 a 4500
=001  006908140
=003  Uk
=005  20060421134145.0
=008  030911s2004\\\\njua\\\\\\\\\\001\0\eng\\
=010  \\$a2003020224
=015  \\$aGBA4Z2985$2bnb
=016  7\$a006908140$2Uk
=019  y\$abA4Z2985
=019  9\$a0764544187
=020  \\$a0764544187 :$c£16.99
=039  0\$a2777
=040  \\$aStDuBDS$dUk
=042  \\$aukblsr
=050  00$aTX833.5$b.C68496 2004
=082  00$a641.555$222
=100  1\$aCrocker, Betty.
=245  10$aBetty Crocker easy family dinners :$bsimple recipes and fun ideas to turn mealtime into quality time.
=246  30$aEasy family dinners
=260  \\$aNew York ;$aChichester :$bWiley,$c2004.
=260  \\$aHoboken, N.J. ;$a[Great Britain] :$bWiley Pub.,$cc2004.
=300  \\$a191 p. :$bill. ;$c26 cm.
=336  \\$atext$2rdacontent
=337  \\$aunmediated$2rdamedia
=338  \\$avolume$2rdacarrier
=500  \\$aIncludes index.
=650  \0$aQuick and easy cooking.
=852  41$aBritish Library$bHMNTS
=856  42$3Publisher description$uhttp://www.loc.gov/catdir/description/wiley041/2003020224.html
=856  41$3Table of contents$uhttp://www.loc.gov/catdir/toc/ecip048/2003020224.html
=CAT  \\$aCONV$b00$c20040425$lBLL90$h0537
=CAT  \\$aCONV$b00$c20040502$lBLL01$h1314
=CAT  \\$aCIP_LDO_M$b00$c20050604$lBLL01$h1513
=CAT  \\$a8202$b40$c20060421$lBLL01$h1341
=CAT  \\$a9081$b40$c20110712$lBLL01$h1411
=CAT  \\$aWR16_021$c20160608$lBLL01$h1736
=FIN  \\$aY$d20060421
=FMT  \\$a  BK
=LAS  \\$aWR16_021$b00$c20160608$lBLL01$h1736
=LDO  \\$aCIP
=LEO  \\$aMP5.0000263068
=SID  \\$aZ39$bLOC
=SRC  \\$aLDS01$bbiblm.200404.2.aa
=SRC  \\$aBNB03$bbibmp5.200404.2.aa

