=LDR  02251pam a2200625 a 4500
=001  006921740
=003  Uk
=005  20060320143452.0
=008  040113s2004\\\\inu\\\\\\\\\\s000\0\eng\\
=010  \\$a2004000689  
=015  \\$aGBA4Z4530$2bnb
=016  7\$a006921740$2Uk
=019  y\$abA4Z4530
=019  9\$a0253344166
=020  \\$a0253216907 (pbk.) :$c£15.50
=020  \\$a0253344166 :$c£43.00
=039  0\$a2776
=040  \\$aStDuBDS$dUk
=041  1\$aeng$hchi
=042  \\$aukblsr
=050  00$aPL2840.J6$bA6 2004
=082  00$a895.1352$222
=100  1\$aChen, Ruoxi,$d1938-
=240  10$aShort stories.$kSelections.$lEnglish
=245  14$aThe execution of mayor Yin and other stories from the great proletarian Cultural Revolution /$cChen Ruoxi ; edited by Howard Goldblatt ; with a new introduction by Perry Link ; translated from the Chinese by Nancy Ing and Howard Goldblatt.
=250  \\$aRev. ed.
=260  \\$aBloomington, Ind. :$bIndiana University Press ;$a[Chesham :$bCombined Academic, distributor],$cc2004.
=300  \\$axxxii, 202 p. ;$c21 cm.
=336  \\$atext$2rdacontent
=337  \\$aunmediated$2rdamedia
=338  \\$avolume$2rdacarrier
=500  \\$aFormerly CIP.$5Uk
=600  10$aChen, Ruoxi,$d1938-$vTranslations into English.
=600  14$aChen, Ruoxi,$d1938-$vTranslations into English.
=651  \0$aChina$xHistory$yCultural Revolution, 1966-1976$vFiction.
=700  1\$aGoldblatt, Howard,$d1939-
=700  1\$aIng, Nancy.
=852  41$aBritish Library$bHMNTS
=856  41$3Table of contents$uhttp://www.loc.gov/catdir/toc/ecip0413/2004000689.html
=985  \\$aRecord amended for WR# 13/070
=CAT  \\$aCONV$b00$c20040425$lBLL90$h0533
=CAT  \\$aCONV$b00$c20040502$lBLL01$h1336
=CAT  \\$aCIP_LDO_M$b00$c20050604$lBLL01$h1518
=CAT  \\$a7732$b40$c20060320$lBLL01$h1434
=CAT  \\$aBATCH-UPD$b40$c20120617$lBLL01$h2333
=CAT  \\$aWR13_070$b00$c20130504$lBLL01$h0143
=CAT  \\$aWR16_021$c20160608$lBLL01$h1738
=FIN  \\$aY$d20060320
=FMT  \\$a  BK
=LAS  \\$aWR16_021$b00$c20160608$lBLL01$h1738
=LDO  \\$aCIP
=LEO  \\$aMP5.0000104565
=SRC  \\$aLDS01$bbiblm.200404.2.aa
=SRC  \\$aBNB03$bbibmp5.200404.2.aa
=SRC  \\$aBLL02

