=LDR  01756pam a2200541 a 4500
=001  006922893
=003  Uk
=005  20051117154336.0
=008  030430s2004\\\\ilu\\\\\\\\\\\000\0\eng\\
=010  \\$a2003009572  
=015  \\$aGBA4Z4544$2bnb
=016  7\$a006922893$2Uk
=019  y\$abA4Z4544
=019  9\$a0226644138
=020  \\$a0226644146 (pbk.) :$c£10.50
=020  \\$a0226644138 (hbk.) :$c£24.50
=039  0\$a2776
=040  \\$aStDuBDS$dUk
=042  \\$aukblsr
=043  \\$anr-----
=050  00$aPS3566.A28$bE44 2004
=082  00$a811.54$222
=100  1\$aPack, Robert,$d1929-
=245  10$aElk in winter /$cRobert Pack.
=260  \\$aChicago, Ill. ;$aLondon :$bUniversity of Chicago Press,$c2004.
=300  \\$aix, 120 p. ;$c23 cm.
=336  \\$atext$2rdacontent
=337  \\$aunmediated$2rdamedia
=338  \\$avolume$2rdacarrier
=500  \\$aFormerly CIP.$5Uk
=651  \0$aRocky Mountains$vPoetry.
=852  41$aBritish Library$bHMNTS
=856  42$3Publisher description$uhttp://www.loc.gov/catdir/description/uchi052/2003009572.html
=856  42$3Contributor biographical information$uhttp://www.loc.gov/catdir/bios/uchi051/2003009572.html
=856  41$3Table of contents$uhttp://www.loc.gov/catdir/toc/ecip043/2003009572.html
=CAT  \\$aCONV$b00$c20040425$lBLL90$h0533
=CAT  \\$aCONV$b00$c20040502$lBLL01$h1336
=CAT  \\$aCIP_LDO_M$b00$c20050604$lBLL01$h1518
=CAT  \\$a6160$b40$c20051117$lBLL01$h1543
=CAT  \\$aWR16_021$c20160608$lBLL01$h1738
=FIN  \\$aY$d20051117
=FMT  \\$a  BK
=LAS  \\$aWR16_021$b00$c20160608$lBLL01$h1738
=LDO  \\$aCIP
=LEO  \\$aMP5.0000101601
=SRC  \\$aLDS01$bbiblm.200404.2.aa
=SRC  \\$aBNB03$bbibmp5.200404.2.aa
=SRC  \\$aBLL02

