=LDR  02265pam a2200637 a 4500
=001  006926408
=003  Uk
=005  20060112172124.0
=008  031208s2004\\\\cauab\\\\\\\\\000\0\eng\\
=010  \\$a  2003026458
=015  \\$aGBA4Y7890$2bnb
=016  7\$a006926408$2Uk
=019  y\$abA4Y7890
=019  9\$a0787969605
=020  \\$a0787969605 (pbk) :$c£19.99
=039  0\$a2781
=040  \\$aStDuBDS$dUk
=042  \\$aukblsr
=050  00$aZ675.S3$bH258 2004
=082  00$a027.8$222
=100  1\$aHamm, Barbara R.
=245  10$aMedia center discovery :$b180 ready-to-use activities for language arts, grades 5-8 /$cBarbara R. Hamm.
=250  \\$a1st ed.
=260  \\$aSan Francisco, Calif. :$bJossey-Bass ;$aChichester :$bJohn Wiley,$c2004.
=300  \\$axxxii, 360 p. :$bill., maps ;$c28 cm.
=336  \\$atext$2rdacontent
=337  \\$aunmediated$2rdamedia
=338  \\$avolume$2rdacarrier
=500  \\$aFormerly CIP.$5Uk
=597  \\$aMerged CIP onto LDO for Batch deduplication
=650  \0$aSchool libraries$xActivity programs.
=650  \0$aLibrary orientation for school children.
=650  \0$aMiddle school education$xActivity programs.
=650  \0$aMedia programs (Education)
=650  \0$aLibraries and education.
=852  41$aBritish Library$bHMNTS
=856  42$3Contributor biographical information$uhttp://www.loc.gov/catdir/bios/wiley046/2003026458.html
=856  41$3Table of contents$uhttp://www.loc.gov/catdir/toc/ecip0412/2003026458.html
=856  42$3Publisher description$uhttp://www.loc.gov/catdir/description/wiley041/2003026458.html
=BUF  \\$aN$d20060112
=CAT  \\$aCONV$b00$c20040425$lBLL90$h0537
=CAT  \\$aCONV$b00$c20040502$lBLL01$h1314
=CAT  \\$aCIP_LDO_M$b00$c20050604$lBLL01$h1515
=CAT  \\$a8479$b40$c20050801$lBLL01$h1246
=CAT  \\$c20050913$lBLL01$h1700
=CAT  \\$aBATCH-BUOC$b00$c20060112$lBLL01$h1721
=CAT  \\$c20060124$lBLL01$h1653
=CAT  \\$aBATCH$b00$c20091118$lBLL01$h0208
=CAT  \\$aWR16_021$c20160608$lBLL01$h1739
=FIN  \\$aY$d20060112
=FMT  \\$a  BK
=LAS  \\$aWR16_021$b00$c20160608$lBLL01$h1739
=LDO  \\$aCIP
=LEO  \\$aMP5.0000271925
=SRC  \\$aLDS01$bbiblm.200404.2.aa
=SRC  \\$aBNB03$bbibmp5.200404.2.aa

