=LDR  01891pam a2200577 a 4500
=001  006952373
=003  Uk
=005  20060622165452.0
=008  031016s2004\\\\maua\\\\\f\\\\001\0\eng\\
=010  \\$a2003022939  
=015  \\$aGBA4Z2095$2bnb
=016  7\$a006952373$2Uk
=019  y\$abA4Z2095
=019  9\$a1405103884
=020  \\$a1405103884 (spiral) :$c£22.00
=039  0\$a2778
=040  \\$aStDuBDS$beng$cStDuBDS$dUk
=042  \\$aukblsr
=050  10$aRC48$b.M37 2004
=082  04$a616$222
=100  1\$aMarbas, Laurie L.
=245  10$aClinical procedures /$cLaurie L. Marbas, Erin Case ; faculty advisor, Fiona Prabhu ; photographer, Michael S. Clement.
=260  \\$aOxford :$bBlackwell,$cc2004.
=300  \\$axxi, 227 p. :$bcol. ill. ;$c28 cm.
=336  \\$atext$2rdacontent
=337  \\$aunmediated$2rdamedia
=338  \\$avolume$2rdacarrier
=490  1\$aBlueprints
=500  \\$aFormerly CIP.$5Uk
=597  \\$aMerged CIP onto LDO for Batch deduplication
=650  \0$aClinical medicine$vHandbooks, manuals, etc.
=700  1\$aCase, Erin.
=830  \0$aBlueprints.
=852  41$aBritish Library$bHMNTS
=856  41$3Table of contents$uhttp://www.loc.gov/catdir/toc/ecip0410/2003022939.html
=BUF  \\$aR$d20060622
=CAT  \\$aCONV$b00$c20040425$lBLL90$h0540
=CAT  \\$aCONV$b00$c20040502$lBLL01$h1441
=CAT  \\$aCIP_LDO_M$b00$c20050604$lBLL01$h1540
=CAT  \\$a12328$b40$c20050805$lBLL01$h1359
=CAT  \\$c20050913$lBLL01$h1701
=CAT  \\$a11251$b40$c20060622$lBLL01$h1654
=CAT  \\$aBATCH$b00$c20091216$lBLL01$h2237
=CAT  \\$aWR16_021$c20160609$lBLL01$h1940
=CAT  \\$aBATCH-UPD$b00$c20160609$lBLL01$h2005
=FIN  \\$aY$d20060622
=FMT  \\$a  BK
=LAS  \\$aBATCH-UPD$b00$c20160609$lBLL01$h2005
=LEO  \\$aMP5.0000345281
=SRC  \\$aLDS01$bbiblm.200404.2.aa
=SRC  \\$aBNB03$bbibmp5.200404.2.aa

