=LDR  01949pam a2200577 a 4500
=001  006965010
=003  Uk
=005  20090107162258.0
=008  030929s2003\\\\nyua\\\\\b\\\\001\0\eng\d
=010  \\$a2003271163  
=015  \\$aGBA3X5243$2bnb
=016  7\$a006965010$2Uk
=019  y\$abA3X5243
=019  9\$a0743469763
=020  \\$a0743469763 (pbk) :$c£9.99
=035  \\$a(OCoLC)ocm52545244
=039  0\$a2739
=040  \\$aStDuBDS$dUk
=042  \\$aukblsr
=050  00$aBF1040$b.R43 2003
=082  04$a001.94$222
=100  1\$aRedfern, Nicholas,$d1964-
=245  10$aStrange secrets :$breal government files on the unknown /$cNick Redfern and Andy Roberts.
=260  \\$aNew York :$bParaview Pocket ;$a[London :$bTurnaround, distributor],$c2003.
=300  \\$axii, 324 p. :$bill. ;$c21 cm.
=336  \\$atext$2rdacontent
=337  \\$aunmediated$2rdamedia
=338  \\$avolume$2rdacarrier
=500  \\$aFormerly CIP.$5Uk
=504  \\$aIncludes bibliographical references (p. 313-317) and index.
=650  \0$aParapsychology.
=650  \0$aOccultism.
=650  \0$aGovernment information$xMiscellanea.
=700  1\$aRoberts, Andy,$d1956-
=852  41$aBritish Library$bHMNTS
=856  42$3Contributor biographical information$uhttp://www.loc.gov/catdir/bios/simon053/2003271163.html
=856  42$3Publisher description$uhttp://www.loc.gov/catdir/description/simon041/2003271163.html
=CAT  \\$aCONV$b00$c20040425$lBLL90$h0536
=CAT  \\$aCONV$b00$c20040502$lBLL01$h1229
=CAT  \\$aCIP_LDO_M$b00$c20050604$lBLL01$h1501
=CAT  \\$a5004$b40$c20051121$lBLL01$h1410
=CAT  \\$a7416$b40$c20090107$lBLL01$h1622
=CAT  \\$aWR16_021$c20160609$lBLL01$h1943
=FIN  \\$aY$d20051121
=FMT  \\$a  BK
=LAS  \\$aWR16_021$b00$c20160609$lBLL01$h1943
=LDO  \\$aCIP
=LEO  \\$aMP5.0000215489
=SRC  \\$aLDS01$bbiblm.200404.2.aa
=SRC  \\$aBNB03$bbibmp5.200404.2.aa
=SRC  \\$aBLL02

