=LDR  02388pam a2200637 a 4500
=001  007047329
=003  Uk
=005  20050518110305.0
=008  040723s2004\\\\enka\\\\\b\\\\001\0\eng\\
=010  \\$a2004017386  
=015  \\$aGBA2T7027$2bnb
=016  7\$a007047329$2Uk
=019  y\$abA2T7027
=019  9\$a0727916947
=020  \\$a0727916947 (pbk.) :$c£14.95
=035  \\$a(DNLM)101225161
=039  0\$a2720
=040  \\$aStDuBDS$dUk
=042  \\$aukblsr
=050  00$aRD93$b.T67135 2004
=060  10$aWO 700$bT77315 2004
=082  00$a617.1$222
=245  00$aTrauma /$ceditor, Helen F. Galley ; editorial board: Nigel R. Webster ... [et al.].
=260  \\$aLondon :$bBMJ,$c2005.
=300  \\$avi, 89 p. :$bill. ;$c24 cm.
=336  \\$atext$2rdacontent
=337  \\$aunmediated$2rdamedia
=338  \\$avolume$2rdacarrier
=490  1\$aCritical care focus ;$v11
=500  \\$aFormerly CIP.$5Uk
=504  \\$aIncludes bibliographical references and index.
=505  0\$aBallistic trauma / James M. Ryan -- The sympathetic response to trauma / Rod Little -- Immune responses after trauma and haemorrhagic shock / Claude Martin -- Management of acute spinal injury / Matthew Fraser -- Rationale for direct brain cooling after head injury / Peter Andrew -- The role and value of imaging in acute spinal trauma / Evelyn Teasdale -- Prehospital care in trauma patients / Gareth Davies and David Lockey.
=650  \0$aTraumatology.
=650  12$aWounds and Injuries.
=650  22$aCritical Care.
=650  22$aSpinal Injuries.
=700  1\$aGalley, Helen F.
=830  \0$aCritical care focus series ;$v11.
=852  11$aBritish Library$bSTI
=856  41$3Table of contents$uhttp://www.loc.gov/catdir/toc/ecip0420/2004017386.html
=CAT  \\$aCONV$b00$c20040425$lBLL90$h0536
=CAT  \\$aCONV$b00$c20040502$lBLL01$h1208
=CAT  \\$a9657$b40$c20050517$lBLL01$h1049
=CAT  \\$a9657$b40$c20050517$lBLL01$h1051
=CAT  \\$a12179$b40$c20050518$lBLL01$h1102
=CAT  \\$a12179$b40$c20050518$lBLL01$h1103
=CAT  \\$aBATCH$b00$c20091118$lBLL01$h2225
=CAT  \\$aWR16_021$c20160609$lBLL01$h1944
=FIN  \\$aY$d20050518
=FMT  \\$a  BK
=LAS  \\$aWR16_021$b00$c20160609$lBLL01$h1944
=LDO  \\$aCIP
=LEO  \\$aMP5.0000210798
=SRC  \\$aLDS01$bbiblm.200404.2.aa
=SRC  \\$aBNB03$bbibmp5.200404.2.aa
=SRC  \\$aBLL02

