=LDR  01381cam a22003497i 4500
=001  019742796
=003  Uk
=005  20230424222850.0
=008  190724s2019\\\\pl\\\\\\\\\\\\000\0\pol\d
=020  \\$a9788370097837$q(vol. 26)
=020  \\$a8370097839
=020  \\$a9788370090920$q(éd. complète, br)
=020  \\$a8370090923
=035  \\$a(OCoLC)1111596484
=040  \\$aBDF$bfre$cBDF$encafnor
=245  00$aKatalog rękopisów Biblioteki Narodowej.$nTom 26,$pArchiwum Jerzego Ficowskiego :$bSygnatury 14422-14644 /$copracowała Maria Gamdzyk-Kluźniak.
=260  \\$aWarszawa :$bBiblioteka Narodowa,$c2019.
=300  \\$a1 vol. (354 p.) ;$c24 cm.
=600  17$0(FrPBN)11902729$aFicowski, Jerzy,$d1924-2006.$2ram
=610  27$0(FrPBN)11882741$aBiblioteka narodowa (Pologne)$2ram
=700  1\$aGamdzyk-Kluźniak, Maria.$4edt$0(FrPBN)14583687
=773  0\$tKatalog re̡kopisów Biblioteki Narodowej$g26$w(FrPBN)32924212
=852  41$aBritish Library$bHMNTS
=856  42$3Bibliothèque Nationale de France catalog record and holdings$uhttp://catalogue.bnf.fr/ark:/12148/cb457755472
=886  1\$2intermrc$a009$ba
=948  \\$hNO HOLDINGS IN BLX - 1 OTHER HOLDINGS
=994  \\$aZ0$bBLX
=CAT  \\$a14712$b40$c20200309$lBLL01$h1116
=CAT  \\$a14185$b40$c20230424$lBLL01$h2228
=FMT  \\$a  BK
=LAS  \\$a14185$b40$c20230424$lBLL01$h2228
=SID  \\$aZ39$bOCLC

