=LDR  02170cam a22005054a 4500
=001  018729780
=003  Uk
=005  20230622164820.0
=007  he\amb|||baca
=008  100519s2006\\\\ne\a\\\\b\\\\\000\0\eng\\
=010  \\$a  2010533374
=035  \\$a(OCoLC)664453612
=040  \\$aDLC$beng$cDLC$dOCLCF$dOCLCO$dOCL$dOCLCQ
=043  \\$aa-ye---$ae-uk---
=050  10$aDA47.9.Y3
=245  00$aBritish intelligence on Yemen, c. 1880-1948.
=260  \\$aLeiden, The Netherlands :$bIDC Publishers,$c2006.
=300  \\$a288 microfiches :$billustrations
=336  \\$atext$btxt$2rdacontent
=337  \\$amicroform$bh$2rdamedia
=338  \\$amicrofiche$bhe$2rdacarrier
=500  \\$aTitle from accompanying textual material.
=500  \\$aMicRR guide no.: 724.$5DLC
=500  \\$aVendor: Bludeau Partners International LLC.$5DLC
=505  0\$aBIY-1. Yemen, gazetteers and handbooks, 1877-1917 -- BIY-2. Political and secret subject files on Yemen and th Aden Protectorate, 1902-1930 -- BIY-3. Political and secret collections on Yemen and the Red Sea, c. 1930-1945 -- BIY-4. Political and secret collections on the Aden Protectorate, c. 1930-1948.
=530  \\$aIssued also on 35 mm. microfilm.
=555  8\$aFinding aid available online via IDC Publishers' Web site.
=648  \7$aSince 1945$2fast
=650  \7$aDiplomatic relations.$2fast$0(OCoLC)fst01907412
=651  \0$aGreat Britain$xForeign relations$zYemen (Republic)
=651  \0$aYemen (Republic)$xForeign relations$zGreat Britain.
=651  \0$aGreat Britain$xForeign relations$y1945-
=651  \0$aYemen (Republic)$xHistory$vSources.
=651  \7$aGreat Britain.$2fast$0(OCoLC)fst01204623
=651  \7$aYemen (Republic)$2fast$0(OCoLC)fst01309629
=655  \7$aHistory.$2fast$0(OCoLC)fst01411628
=655  \7$aSources.$2fast$0(OCoLC)fst01423900
=852  41$aBritish Library$bOC
=856  42$3Finding aid:$uhttp://www.idcpublishers.com/ead/485.xml
=CAT  \\$a14485$b40$c20180206$lBLL01$h1225
=CAT  \\$aW2306-1299$c20230622$lBLL01$h1652
=CAT  \\$aW2308-1659$c20230923$lBLL01$h0955
=FMT  \\$a  BK
=LAS  \\$aW2308-1659$b00$c20230923$lBLL01$h0955
=SID  \\$aZ39$bOCLC

