=LDR  02433 as a2200589 a 4500
=001  018920697
=003  Uk
=005  20180626160115.0
=008  920728c19919999vm\wr\p\\\\\\l0\\\\0vie\c
=010  \\$a   96643871 $zsn 92038270 
=022  \\$a0868-3344
=035  \\$a(OCoLC)26273853$z(OCoLC)221123127
=040  \\$aWAU$beng$cWAU$dDLC$dOCLCQ$dXND$dWAU$dOCLCQ$dWAU$dOCLCQ$dOCLCA$dOCLCF
=042  \\$apcc
=043  \\$aa-vt---
=050  00$aHF3800.5$b.A2
=245  00$aKinh té̂ Sàigòn.
=246  13$aSaigon economic times$f<-só̂ 5>
=246  17$aThời báo kinh té̂ Sàigòn
=260  \\$aTP Hò̂ Chí Minh :$bKinh té̂ Sàigòn
=300  \\$av. :$bill. ;$c20 cm.
=310  \\$aWeekly
=336  \\$atext$2rdacontent
=337  \\$aunmediated$2rdamedia
=338  \\$avolume$2rdacarrier
=362  1\$aBegan in Jan. 1991?
=515  \\$aIssues <só̂ 49-239> dated <5/11 Dec. 1991-27 July/2 Aug. 1995>
=515  \\$aEach year's issues, 1992-<1995>, also numbered 1-52.
=515  \\$aVols. for <1994-1995> also called <năm thứ 4-năm thứ 5>
=515  \\$aSome issues combined.
=515  \\$aOccasional issues misnumbered, e.g. issue 195 (22/28 Sept. 1994) called 194; issue 217 (23 Feb./1 Mar. 1995) called 218.
=525  \\$aIncludes special issues.
=530  \\$aRecent issues also available online.
=550  \\$aIssued by: Ủy ban nhân dân, <5/11 Dec. 1991-27 July/2 Aug. 1995>
=588  \\$aDescription based on: Só̂ 5, published in 1991; title from cover.
=588  \\$aLatest issue consulted: Năm thứ 5, 239 (27-7 đé̂n 2-8-1995).
=650  \7$aCommerce.$2fast$0(OCoLC)fst00869279
=650  \7$aEconomic history.$2fast$0(OCoLC)fst00901974
=651  \0$aVietnam$xCommerce$vPeriodicals.
=651  \0$aVietnam$xEconomic conditions$vPeriodicals.
=651  \7$aVietnam.$2fast$0(OCoLC)fst01204778
=655  \7$aPeriodicals.$2fast$0(OCoLC)fst01411641
=710  1\$aHo Chi Minh City (Vietnam).$bỦy ban nhân dân.
=770  0\$tThị trường Dịa ốc$w(DLC)  2008252367
=852  \\$aBritish Library$bOC
=856  41$3Recent issues available:$uhttp://www.saigontimes.com.vn/tbktsg/default.asp
=CAT  \\$a14984$b40$c20180626$lBLL01$h0726
=CAT  \\$a14984$b40$c20180626$lBLL01$h1601
=CAT  \\$aBATCH-ROF$b00$c20180630$lBLL01$h1746
=FMT  \\$a  SE
=LAS  \\$aBATCH-ROF$b00$c20180630$lBLL01$h1746
=SID  \\$aZ39$bOCLC

