=LDR  04575cam a2200661 i 4500
=001  019035241
=003  Uk
=005  20230423123312.0
=008  170907s2016\\\\ru\a\\\\\b\\\\000\0\rus\d
=020  \\$a9785820004131$q(paperback)
=020  \\$a5820004132$q(paperback)
=035  \\$a(OCoLC)1003153773
=040  \\$aCUY$beng$cCUY$dEEM$dOSU$dOCLCQ$dOCLCO$dOCLCA$dOCLCF$erda
=043  \\$ae-ru---
=050  \4$aJV8190$b.S27 2016
=100  1\$6880-01$aSargaev, A. V.$q(Alekseĭ Vi︠a︡cheslavovich),$eauthor.
=245  10$6880-02$aInostrannye grazhdane v Rossiĭskoĭ Federat︠s︡ii :$bsot︠s︡ialʹno-kulʹturnai︠a︡ i pravovai︠a︡ adaptat︠s︡ii︠a︡ : monografii︠a︡ /$cA.V. Sargaev, P.A. Chukreev.
=246  30$6880-03$aSot︠s︡ialʹno-kulʹturnai︠a︡ i pravovai︠a︡ adaptat︠s︡ii︠a︡ :$bmonografii︠a︡
=264  \1$6880-04$aUlan-Udė :$bIzdatelʹstvo BGSKhA imeni V.R. Filippova,$c2016.
=300  \\$a174 pages :$billustrations ;$c21 cm
=336  \\$atext$btxt$2rdacontent
=337  \\$aunmediated$bn$2rdamedia
=338  \\$avolume$bnc$2rdacarrier
=500  \\$6880-05$aAt head of title: Ministerstvo Selʹskogo khozi︠a︡ĭstva Rossiĭskoĭ Federat︠s︡ii. FGBOU VO "Buri︠a︡tskai︠a︡ gosudarstvennai︠a︡ selʹskokhozi︠a︡ĭstvennai︠a︡ akademii︠a︡ imeni V.R. Filippova."
=504  \\$aIncludes bibliographical references (pages 157-166).
=650  \0$aImmigrants$xCultural assimilation$zRussia (Federation)
=650  \0$aForeign workers$xCultural assimilation$zRussia (Federation)
=650  \0$aForeign workers$xCultural assimilation$zRussia (Federation)$zBuri︠a︡tii︠a︡.
=650  \0$aAcculturation$zRussia (Federation)
=650  \0$aEmigration and immigration law$zRussia (Federation)
=650  \0$aEmigration and immigration$xSocial aspects.
=650  \7$aAcculturation.$2fast$0(OCoLC)fst00795535
=650  \7$aEmigration and immigration law.$2fast$0(OCoLC)fst00908736
=650  \7$aEmigration and immigration$xSocial aspects.$2fast$0(OCoLC)fst00908722
=650  \7$aImmigrants$xCultural assimilation.$2fast$0(OCoLC)fst00967721
=650  \7$aSocial policy.$2fast$0(OCoLC)fst01122738
=651  \0$aRussia (Federation)$xSocial policy.
=651  \7$aRussia (Federation)$2fast$0(OCoLC)fst01262050
=651  \7$aRussia (Federation)$zBuri︠a︡tii︠a︡$2fast$0(OCoLC)fst01263909
=700  1\$6880-06,$aChukreev, P. A.$q(Petr Aleksandrovich)$eauthor.
=710  2\$6880-07,$aBuri︠a︡tskai︠a︡ gosudarstvennai︠a︡ selʹskokhozi︠a︡ĭstvennai︠a︡ akademii︠a︡ im. V.R. Filippova.$eissuing body.
=852  41$aBritish Library$bHMNTS
=856  41$3Table of contents$uhttp://bvbr.bib-bvb.de:8991/F?func=service&doc_library=BVB01&local_base=BVB01&doc_number=029607247&sequence=000001&line_number=0001&func_code=DB_RECORDS&service_type=MEDIA
=856  42$3Bibliography$uhttp://bvbr.bib-bvb.de:8991/F?func=service&doc_library=BVB01&local_base=BVB01&doc_number=029607247&sequence=000002&line_number=0002&func_code=DB_RECORDS&service_type=MEDIA
=880  1\$6100-01$aСаргаев, А. В.$q(Алексей Вячеславович),$eauthor.
=880  10$6245-02$aИностранные граждане в Российской Федерации :$bсоциально-культурная и правовая адаптация : монография /$cА.В. Саргаев, П.А. Чукреев.
=880  30$6246-03$aСоциально-культурная и правовая адаптация :$bмонография
=880  \1$6264-04$aУлан-Удэ :$bИздательство БГСХА имени В.Р. Филиппова,$c2016.
=880  \\$6500-05$aAt head of title: Министерство Сельского хозяйства Российской Федерации. ФГБОУ ВО "Бурятская государственная сельскохозяйственная академия имени В.Р. Филиппова."
=880  1\$6700-06$aЧукреев, П. А.$q(Петр Александрович),$eauthor.
=880  2\$6710-07$aБурятская государственная сельскохозяйственная академия им. В.Р. Филиппова,$eissuing body.$0http://id.loc.gov/authorities/names/n2002116502
=948  \\$hNO HOLDINGS IN BLX - 7 OTHER HOLDINGS
=994  \\$aZ0$bBLX
=CAT  \\$a11853$b40$c20180831$lBLL01$h1849
=CAT  \\$a14185$b40$c20230423$lBLL01$h1233
=FMT  \\$a  BK
=LAS  \\$a14185$b40$c20230423$lBLL01$h1233
=SID  \\$aZ39$bOCLC

