=LDR  01267 am a22003495i 4500
=001  019122777
=003  Uk
=005  20181113160555.0
=008  100810s1954\\\\is\\\\\\\\\\\\000\0\heb\\
=040  \\$aUk$beng$cUk$erda
=050  \4$aDS126.8.I8$bM55 1954
=245  00$6880-01$aMiḳraʾe ḥag :$bli-seʿudat Yom ha-ʿatsmaʾut.
=260  \\$a[Jerusalem] :$b[Hitʾaḥdut hotsaʾot ha-sefarim ha-ʿIvriyot be-Yiśraʾel],$c[1954 or 1955]
=300  \\$a15 pages ;$c22 cm
=336  \\$atext$btxt$2rdacontent
=337  \\$aunmediated$bn$2rdamedia
=338  \\$avolume$bnc$2rdacarrier
=650  \0$aIndependence Day (Israel)
=650  \0$aPrayer$xJudaism.
=650  \7$aIndependence Day (Israel)$2fast$0(OCoLC)fst00968890
=650  \7$aPrayer$xJudaism.$2fast$0(OCoLC)fst01074702
=700  1\$6880-02$aEven-Shoshan, Avraham,$d1906-1984
=752  \\$aIsrael$dJerusalem.
=852  \\$aBritish Library$bOC
=856  40$3Google$uhttp://books.google.com/books?id=yKUaAAAAIAAJ
=880  00$6245-01//r$aמקראי חג :$bלסעודת יום העצמאות.
=880  1\$6700-02//r$aאבן־שושן, אברהם.
=CAT  \\$a11837$b40$c20181113$lBLL01$h1605
=FIN  \\$aY$d20181113
=FMT  \\$a  BK
=LAS  \\$a11837$b40$c20181113$lBLL01$h1605
=SID  \\$aZ39$bOCLC

