=LDR  01991cam a2200493 i 4500
=001  019609964
=003  Uk
=005  20231016162058.0
=008  181213s2018\\\\pl\a\\\g\b\\\\000\0\pol\d
=010  \\$a  2018380626
=020  \\$a9788395005602$qpaperback
=035  \\$a(OCoLC)1098061605
=040  \\$aUIU$beng$cDLC$dOCLCQ$dOCL$dUk$erda
=042  \\$aukblsr
=043  \\$ae-pl---
=050  00$aD804.5.G85$bS63 2018
=082  04$a909.0491497$222/ger/20230216$qOCoLC
=100  1\$aSochaj, Andrzej,$d1977-$eauthor.
=245  10$aUpamiętnienie Romów i Sinti pomordowanych w czasie II wojny światowej (1939-1945) /$cAndrzej Sochaj.
=264  \1$aSzczecinek :$bZwiązek Romów Polskich :$bInstytut Pamięci i Dziedzictwa Romów oraz Ofiar Holokaustu,$c2018.
=300  \\$a60 pages :$billustrations (chiefly colour) ;$c21 cm
=336  \\$atext$btxt$2rdacontent
=337  \\$aunmediated$bn$2rdamedia
=338  \\$avolume$bnc$2rdacarrier
=504  \\$aIncludes bibliographical references (pages 50-52).
=610  20$aInstytut Pamięci i Dziedzictwa Romów oraz Ofiar Holokaustu.
=647  \7$aRomani Genocide$d(1939-1945)$0(OCoLC)fst01100101$2fast
=647  \7$aWorld War$d(1939-1945)$0(OCoLC)fst01180924$2fast
=648  \7$a1939-1945$2fast
=650  \0$aRomani Genocide, 1939-1945.
=650  \0$aCollective memory$zPoland.
=650  \0$aWorld War, 1939-1945$xAtrocities.
=650  \7$aAtrocities.$2fast$0(OCoLC)fst00820727
=650  \7$aCollective memory.$2fast$0(OCoLC)fst01739814
=651  \7$aPoland.$2fast$0(OCoLC)fst01206891
=852  41$aBritish Library$bHMNTS
=856  42$3Table of contents from HeBIS-Verbundkatalog$uhttp://scans.hebis.de/44/62/58/44625823_toc.pdf
=CAT  \\$aBATCH-LEX$b00$c20191112$lBLL01$h1443
=CAT  \\$aBATCH-ROF$b00$c20191116$lBLL01$h1744
=CAT  \\$a10695$b40$c20231004$lBLL01$h0845
=CAT  \\$a10695$b40$c20231016$lBLL01$h1620
=FIN  \\$aY$d20231016
=FMT  \\$a  BK
=LAS  \\$a10695$b40$c20231016$lBLL01$h1620

