=LDR  02159cam a22004577i 4500
=001  017960904
=003  Uk
=005  20230424215611.0
=008  150721s2015\\\\pl\a\\\\\\\\\\000\0bpol\d
=020  \\$a9788376762029
=020  \\$a8376762028
=029  0\$aNUKAT$bxx003483193
=035  \\$a(OCoLC)924650251
=040  \\$aNUKAT$bpol$cNUKAT
=041  0\$apol$alat
=100  1\$aBobrzyński, Michał$d(1849-1935).
=245  10$aJan Długosz :$bjego życie i stanowisko w piśmiennictwie /$cMichał Bobrzyński i Stanisław Smolka ; z posłowiem Jerzego Wyrozumskiego ; [oprawę graficzną projektowal Władysław Pluta].
=260  \\$aKraków :$bnakładem Polskiej Akademii Umiejętności,$c2015.
=300  \\$aVII, [1], 348, [1] s. :$bIl. ;$c29 cm.
=500  \\$aNa okł.: "Portret Jana Długosza", drzeworyt Bronisława Puca według rysunku Jana Matejki ; Za : "Tygodnik Ilustrowany" 1880, nr 230, s. 321.
=500  \\$aWyd. w płóciennej oprawie wraz z kasetą na książkę.
=500  \\$aPodstawą edycji był egz. Biblioteki Naukowej PAU i PAN w Krakowie.
=530  \\$aWyd. z 1893 r. dostępne również w formie elektronicznej.
=534  \\$pReprint, oryg.:$cKraków : Wydaw. Konstantego hr. Przeździeckiego : gł. skł. w Księgarni Spółki Wydawniczej Polskiej, 1893 (Kraków : Drukarnia "Czasu" Fr. Kluczyckiego i Sp.)$eVII, [1], 336 s. ; 28 cm.
=546  \\$aTekst częśc. łac.
=600  17$aDługosz, Jan$d(1415-1480).$2jhpk
=600  17$aDługosz, Jan$d(1415-1480)$xkrytyka i interpretacja.$2jhpk
=650  \7$aHistoriografia$zPolska.$2jhpk
=700  1\$aSmolka, Stanisław$d(1854-1924).
=700  1\$aPluta, Władysław$d(1949- ).
=700  1\$aWyrozumski, Jerzy$d(1930- ).
=710  2\$aPolska Akademia Umiejętności (1990- ).$4pbl
=852  41$aBritish Library$bHMNTS
=856  41$3Wyd. z 1893$uhttp://www.dbc.wroc.pl/publication/5189
=948  \\$hNO HOLDINGS IN BLX - 1 OTHER HOLDINGS
=994  \\$aZ0$bBLX
=CAT  \\$a12420$b40$c20160804$lBLL01$h1524
=CAT  \\$a14185$b40$c20230424$lBLL01$h2156
=FMT  \\$a  BK
=LAS  \\$a14185$b40$c20230424$lBLL01$h2156
=SID  \\$aZ39$bOCLC

