=LDR  01974 am a2200517 i 4500
=001  016532620
=003  Uk
=005  20131121143326.0
=008  130621s2013\\\\enka\\\\\b\\\\000\0\eng\\
=010  \\$a2013943467
=015  \\$aGBB3A7140$2bnb
=016  7\$a016532620$2Uk
=020  \\$a9781447153993 (hardback) :$c£90.00
=020  \\$a1447153995 (hardback) :$c£90.00
=020  \\$a9781447154006 (eBook)
=040  \\$aDLC$beng$cDLC$dDLC$dUk$erda
=042  \\$aukblsr
=082  04$a621.042$223
=100  1\$aVepa, Ranjan,$eauthor.
=245  10$aDynamic modeling, simulation and control of energy generation /$cRanjan Vepa.
=264  \1$aLondon :$bSpringer,$c[2013]
=300  \\$axvi, 373 pages :$billustrations (black and white) ;$c25 cm.
=336  \\$atext$2rdacontent
=337  \\$aunmediated$2rdamedia
=338  \\$avolume$2rdacarrier
=490  1\$aLecture Notes in Energy,$x2195-1284 ;$vvolume 20
=500  \\$a"ISSN 2195-1292 (electronic)"--title page verso.
=504  \\$aIncludes bibliographical references.
=530  \\$aAlso issued online.
=650  \0$aPower resources$xMathematical models.
=650  \0$aPower resources$xComputer simulation.
=830  \0$aLecture notes in energy ;$v20.
=852  \\$aBritish Library$bSTI
=856  42$3Contributor biographical information$uhttp://www.loc.gov/catdir/enhancements/fy1314/2013943467-b.html
=856  42$3Publisher description$uhttp://www.loc.gov/catdir/enhancements/fy1314/2013943467-d.html
=856  41$3Table of contents only$uhttp://www.loc.gov/catdir/enhancements/fy1314/2013943467-t.html
=CAT  \\$aBATCH-CMLD$b00$c20131102$lBLL01$h1719
=CAT  \\$a10812$b40$c20131119$lBLL01$h1036
=CAT  \\$a10905$b40$c20131121$lBLL01$h1433
=CAT  \\$aWR16_021$c20160709$lBLL01$h1819
=CAT  \\$aBATCH-UPD$b00$c20160709$lBLL01$h2026
=FIN  \\$aY$d20131121
=FMT  \\$a  BK
=LAS  \\$aBATCH-UPD$b00$c20160709$lBLL01$h2026
=SID  \\$aZ39$bLOC
=SRC  \\$aNielsen Bookdata

