=LDR  02200 am a2200481 a 4500
=001  016917777
=003  Uk
=005  20141029123451.0
=008  110215s2010\\\\cc\a\\\\\b\\\\000\0\chi\d
=010  \\$a  2011423013
=020  \\$a9787511706102
=020  \\$a751170610X
=035  \\$a(OCoLC)703546624
=040  \\$aCNPIT$beng$cCNPIT$dDLC$dBCBTC$dCUY$dWAU$dOCLCF$dOCLCO$duk
=042  \\$aukblderived
=043  \\$aa-cc-su
=050  00$aS471.C62$bB36 2010
=100  1\$6880-01$aBao, Yajun,$d1977-
=245  10$6880-02$aXinjiang sheng chan jian she bing tuan ti zhi yan jiu =$bXinjiang shengchan jianshe bingtuan tizhi yanjiu /$cBao Yajun zhu.
=246  31$aXinjiang shengchan jianshe bingtuan tizhi yanjiu
=250  \\$6880-03$aDi 1 ban.
=260  \\$6880-04$aBeijing :$bZhong yang bian yi chu ban she,$c2010.
=300  \\$a4, 5, 272 p. :$bill. ;$c23 cm.
=336  \\$atext$2rdacontent
=337  \\$aunmediated$2rdamedia
=338  \\$avolume$2rdacarrier
=504  \\$aIncludes bibliographical references (p. 257-267).
=610  10$6880-05$aChina.$bZhongguo ren min jie fang jun.$bXinjiang sheng chan jian she bing tuan.
=852  \\$aBritish Library$bOC
=856  41$3Table of contents only$uhttp://catdir.loc.gov/catdir/toc/fy14pdf04/2011423013.html
=880  1\$6100-01$a包雅钧,$d1977-
=880  10$6245-02$a新疆生产建设兵团体制研究 =$bXinjiang shengchan jianshe bingtuan tizhi yanjiu /$c包雅钧著.
=880  \\$6250-03$a第1版.
=880  \\$6260-04$a北京 :$b中央编译出版社,$c2010.
=880  \\$6520-00$a本书第一次系统地向人们介绍了新疆生产建设兵团这一特殊社会组织的特殊体制, 从政治, 经济, 社会, 文化等多角度对兵团"党政军企合一"的运行模式进行了独立思考, 并对新形势下新疆治理与兵团发展前景提出了作者自己的建议.
=880  14$6610-05$aChina.$b中国人民解放军.$b新疆生产建设兵团.
=CAT  \\$a14230$b00$c20141029$lBLL01$h1234
=CAT  \\$aBATCH-UPD$b00$c20141029$lBLL01$h1235
=CAT  \\$aWR14_128$c20160226$lBLL01$h1629
=FIN  \\$aY$d20141029
=FMT  \\$a  BK
=LAS  \\$aWR14_128$b00$c20160226$lBLL01$h1629
=SID  \\$aZ39$bOCLC

