=LDR  02473cam a22006137i 4500
=001  017109981
=003  Uk
=005  20230424214313.0
=007  tu
=008  140124s2013\\\\pl\a\\\e\\\\\\000\0\pol\d
=015  \\$a14,A30$2dnb
=020  \\$a9788375454765
=020  \\$a8375454761
=029  0\$aNUKAT$bxx003009414
=029  1\$aGWDNB$b1053564600
=035  \\$a(OCoLC)869933091
=040  \\$aNUKAT$bpol$cNUKAT$dGWDNB$dB3N
=041  1\$apol$hger
=082  04$81\x$a242.0902$222/ger$qDE-101
=084  \\$a230$a780$qDE-101$2sdnb
=245  00$aKrzeszowska Droga Krzyżowa :$bopisana na polecenie Bernarda Rosy zwierzchnika Opactwa Cystersów w Krzeszowie, z pieśniami Angelusa Silesiusa (Anioła Ślązaka), melodiami Georga Josepha i rysunkami Michaela Willmanna wydana w Kłodzku w 1682 roku teraz na język polski przełożona /$c[przeł. z jęz. niem. Andrzej Lam].
=246  1\$iTyt. oryg.:$aSchmerzhafter Lieb-und Kreuz-Weg
=260  \\$aWarszawa :$bOficyna Wydawnicza ASPRA-JR,$ccop. 2013.
=300  \\$a525 s. :$bil. ;$c21 cm.
=500  \\$aNa okł tyt.: Krzeszowska Droga Krzyżowa z pieśniami Angelusa Silesiusa (Anioła Ślązaka).
=536  \\$aPublikacja dofinansowana przez Miasto Wrocław
=600  07$aAngelus Silesius$d(1624-1677).$2jhpk
=600  17$aRosa, Bernhard$d(1624-1696).$2jhpk
=648  \7$aGeschichte 1682$2gnd
=650  \7$aDroga Krzyżowa.$2jhpk
=650  \7$0(DE-588)4033095-3$0(DE-101)040330958$aKreuzweg$2gnd
=650  \7$0(DE-588)4142383-5$0(DE-101)041423836$aAndacht$2gnd
=650  \4$aDroga krzyżowa.
=653  \\$a(jhpk)Angelus Silesius (1624-1677).
=653  \\$a(jhpk)Rosa, Bernhard (1624-1696).
=653  \\$a(jhpk)Droga Krzyżowa.
=655  \7$aQuelle$2gnd
=700  1\$aAngelus Silesius$d(1624-1677).
=700  1\$aJoseph, Georg.
=700  1\$aWillmann, Michael$d(1630-1706).
=700  1\$aLam, Andrzej$d(1929- ).
=710  2\$aOficyna Wydawnicza ASPRA-JR.$4pbl
=852  41$aBritish Library$bHMNTS
=856  42$3Inhaltsverzeichnis$uhttp://d-nb.info/1053564600/04
=948  \\$hNO HOLDINGS IN BLX - 3 OTHER HOLDINGS
=994  \\$aZ0$bBLX
=CAT  \\$a12420$b40$c20150312$lBLL01$h0753
=CAT  \\$aBATCH-UPD$b40$c20160605$lBLL01$h0918
=CAT  \\$aW1707-0052$c20170703$lBLL01$h1932
=CAT  \\$aBATCH-UPD$b00$c20180916$lBLL01$h2036
=CAT  \\$a14185$b40$c20230424$lBLL01$h2143
=FMT  \\$a  BK
=LAS  \\$a14185$b40$c20230424$lBLL01$h2143
=SID  \\$aZ39$bOCLC

