=LDR  02212 am a2200469 a 4500
=001  013603854
=003  Uk
=005  20070802213611.0
=008  060412s2006\\\\ohu\\\\\\b\\\\001\0\eng\\
=010  \\$a  2006012487
=020  \\$a0829815260 (pbk. : alk. paper)
=020  \\$a9780829815269 (pbk. : alk. paper)
=035  \\$a(OCoLC)ocm67383667
=035  \\$a(OCoLC)67383667
=040  \\$aDLC$cDLC$dBAKER$dC#P$dYDX$dBTCTA$dYDXCP$dNYP$dDLC$dUk
=042  \\$aukblsr
=043  \\$an-us---
=050  00$aBX4827.K53$bL44 2006
=082  00$a286.1092$222
=100  1\$aLee, Hak Joon,$d1958-
=245  10$aWe will get to the promised land :$bMartin Luther King, Jr.'s communal-political spirituality /$cH.J. Lee ; foreword by Peter J. Paris.
=260  \\$aCleveland :$bPilgrim Press,$c2006.
=300  \\$axiv, 224 p.
=336  \\$atext$2rdacontent
=337  \\$aunmediated$2rdamedia
=338  \\$avolume$2rdacarrier
=504  \\$aIncludes bibliographical references (p. 209-217) and index.
=505  0\$aIntroduction -- The African and African American roots of King's spirituality -- Family, church, and schools in the formation of King's spirituality -- The communal-political nature of King's spirituality -- The strength of nonviolence in King's struggle against racism, classism, and militarism -- The shared communal spirituality of King and Desmond Tutu -- The contemporary relevance of King's spirituality for religious terrorism and the U.S. war on terror -- The ecumenical spirituality of King and the Dalai Lama -- Conclusion: Contribution and legacy.
=600  10$aKing, Martin Luther,$cJr.,$d1929-1968.
=650  \0$aAfrican Americans$xReligion.
=852  41$aBritish Library$bDSC
=856  41$3Table of contents only$uhttp://www.loc.gov/catdir/toc/ecip0612/2006012487.html
=BUF  \\$aN2$d20061128
=CAT  \\$aBATCH-APP$b00$c20061116$lBLL01$h0926
=CAT  \\$aBATCH$b00$c20061116$lBLL01$h0926
=CAT  \\$aBATCH$b00$c20061116$lBLL01$h0928
=CAT  \\$a7732$b40$c20061128$lBLL01$h1538
=CAT  \\$a10743$b40$c20070322$lBLL01$h1403
=CAT  \\$aBATCH-BUOC$b00$c20070802$lBLL01$h2136
=FIN  \\$aY$d20061128
=FMT  \\$a  BK
=LAS  \\$aBATCH-BUOC$b00$c20070802$lBLL01$h2136

