=LDR  01422 am a2200421 a 4500
=001  013606526
=003  Uk
=005  20061123091517.0
=008  060406s2006\\\\ctua\\\\\b\\\\001\0\eng\\
=010  \\$a  2006011700
=015  \\$aGBA699496$2bnb
=016  7\$a013606526$2Uk
=020  \\$a0313337977 (cased) :$cNo price
=035  \\$a(OCoLC)ocm67240041
=035  \\$a(OCoLC)67240041
=040  \\$aDLC$cDLC$dYDX$dBAKER$dIXA$dYDXCP$dDLC$dUk
=042  \\$aukblsr
=043  \\$an-us---
=050  00$aE185$b.K48 2006
=082  00$a973.049607300202$222
=100  1\$aKinshasa, Kwando Mbiassi.
=245  10$aAfrican American chronology :$bchronologies of the American mosaic /$cKwando M. Kinshasa.
=260  \\$aWestport, Conn. ;$aLondon :$bGreenwood Press,$c2006.
=300  \\$aviii, 189 p. :$bill. ;$c27 cm.
=336  \\$atext$2rdacontent
=337  \\$aunmediated$2rdamedia
=338  \\$avolume$2rdacarrier
=504  \\$aIncludes bibliographical references (p. [181]-183) and index.
=650  \0$aAfrican Americans$xHistory$vChronology.
=852  41$aBritish Library$bHMNTS
=856  41$3Table of contents$uhttp://www.loc.gov/catdir/toc/ecip0612/2006011700.html
=CAT  \\$a9523$b40$c20061121$lBLL01$h0942
=CAT  \\$a9678$b40$c20061123$lBLL01$h0915
=CAT  \\$aWR16_021$c20160616$lBLL01$h1810
=FIN  \\$aY$d20061123
=FMT  \\$a  BK
=LAS  \\$aWR16_021$b00$c20160616$lBLL01$h1810
=SRC  \\$aBLL02

