=LDR  01381cam a22004214a 4500
=001  013615300
=003  Uk
=005  20070531082954.0
=008  050515s2005\\\\it\\\\\\\b\\\\001\0\ita\d
=010  \\$a  2005368850
=020  \\$a884303362X :$c18.20 EUR
=035  \\$a(ItFiC)it 05160162
=040  \\$aItFiC$cItFiC$dDLC$dUk
=042  \\$aukblcatcopy
=050  00$aP241$b.T58 2005
=100  10$aThornton, Anna M.
=245  10$aMorfologia /$cAnna M. Thornton.
=250  \\$a1a ed.
=260  \\$aRoma :$bCarocci,$c2005.
=300  \\$a190 p. ;$c22 cm.
=336  \\$atext$2rdacontent
=337  \\$aunmediated$2rdamedia
=338  \\$avolume$2rdacarrier
=490  1\$aUniversità ;$v660.$aLinguistica
=504  \\$aIncludes bibliographical references (p. 173-180) and indexes.
=650  \0$aGrammar, Comparative and general$xMorphology.
=830  \0$aUniversità (Rome, Italy) ;$v660.
=830  \0$aUniversità (Rome, Italy).$pLinguistica.
=852  41$aBritish Library$bHMNTS
=856  41$3Table of contents$uhttp://www.loc.gov/catdir/toc/casalini01/05160162.pdf
=CAT  \\$a8301$b40$c20061130$lBLL01$h1539
=CAT  \\$a11002$b40$c20070531$lBLL01$h0829
=CAT  \\$aW2308-1659$c20230923$lBLL01$h1032
=CAT  \\$aBATCH-UPD$b00$c20230925$lBLL01$h1151
=FIN  \\$aY$d20070531
=FMT  \\$a  BK
=LAS  \\$aBATCH-UPD$b00$c20230925$lBLL01$h1151
=SRC  \\$aBLL02

