=LDR  01622aam a2200469 a 4500
=001  013629604
=003  Uk
=005  20070628213804.0
=008  070110s2007\\\\inua\\\\\\\\\\001\0\eng\\
=010  \\$a  2007001058
=015  \\$aGBA6A6263$2bnb
=016  7\$a013629604$2Uk
=020  \\$a9780789736307 (pbk.) :$c£21.99
=020  \\$a0789736306 (pbk.) :$c£21.99
=040  \\$aStDuBDS$beng$cStDuBDS$dUk
=042  \\$aukblsr
=050  00$aTR267$b.W4873 2007
=082  00$a775$222
=100  1\$aWhite, Ron,$d1944-
=245  10$aHow digital photography works /$cRon White ; illustrated by Timothy Edward Downs.
=250  \\$a2nd ed.
=260  \\$aIndianapolis, Ind. :$bQue ;$aLondon :$bPearson Education [distributor],$c2007.
=300  \\$axiii, 226 p. :$bcol. ill. ;$c26 cm.
=336  \\$atext$2rdacontent
=337  \\$aunmediated$2rdamedia
=338  \\$avolume$2rdacarrier
=500  \\$aFormerly CIP.$5Uk
=500  \\$aIncludes index.
=650  \0$aPhotography$xDigital techniques$vPopular works.
=650  \0$aPhotography$xEquipment and supplies$vPopular works.
=852  41$aBritish Library$bHMNTS
=856  41$3Table of contents only$uhttp://www.loc.gov/catdir/toc/ecip078/2007001058.html
=BUF  \\$aN$d20070622
=CAT  \\$aBATCH-CIP$b00$c20061219$lBLL01$h1701
=CAT  \\$aBATCH$b00$c20061219$lBLL01$h1702
=CAT  \\$aBATCH$b00$c20061219$lBLL01$h1708
=CAT  \\$a6923$b40$c20070622$lBLL01$h1416
=CAT  \\$aBATCH-BUOC$b00$c20070628$lBLL01$h2138
=CAT  \\$aWR16_021$c20160616$lBLL01$h1814
=FIN  \\$aY$d20070622
=FMT  \\$a  BK
=LAS  \\$aWR16_021$b00$c20160616$lBLL01$h1814

