=LDR  01850 am a2200445 a 4500
=001  013633195
=003  Uk
=005  20070322213638.0
=008  060518s2007\\\\ncua\\\\\b\\\\001\0\eng\\
=010  \\$a  2006016564
=020  \\$a1594602204
=020  \\$a9781594602207
=035  \\$a(OCoLC)ocm69593919
=040  \\$aDLC$cDLC$dBAKER$dBTCTA$dC#P$dYDXCP$dDLC$dUk
=042  \\$aukblsr
=050  00$aGV546$b.B59 2007
=082  00$a613.713$222
=100  1\$aBowling, Lewis.
=245  10$aResistance training :$bthe total approach /$cLewis Bowling.
=260  \\$aDurham, N.C. :$bCarolina Academic Press,$cc2007.
=300  \\$axii, 309 p. :$bill. ;$c23 cm.
=336  \\$atext$2rdacontent
=337  \\$aunmediated$2rdamedia
=338  \\$avolume$2rdacarrier
=504  \\$aIncludes bibliographical references (p. 299-300) and index.
=505  0\$aBenefits of resistance training -- Components of fitness -- Safety -- Muscle physiology -- Kinesiology -- Types of resistance training -- Exercise prescription -- Exercises -- Special populations -- Mental conditioning -- Resistance training research -- Looking at the past -- Legacy of iron : a history of the men, women, and implements that created the "iron game" -- Athletic conditioning -- Athletic drills.
=650  \0$aWeight training.
=650  \0$aExercise.
=650  \0$aIsometric exercise.
=852  41$aBritish Library$bDSC
=856  41$3Table of contents only$uhttp://www.loc.gov/catdir/toc/ecip0614/2006016564.html
=BUF  \\$aN2$d20070122
=CAT  \\$aBATCH-APP$b00$c20070102$lBLL01$h1143
=CAT  \\$aBATCH$b00$c20070102$lBLL01$h1143
=CAT  \\$aBATCH$b00$c20070102$lBLL01$h1144
=CAT  \\$a5375$b40$c20070122$lBLL01$h1114
=CAT  \\$aBATCH-BUOC$b00$c20070322$lBLL01$h2136
=FIN  \\$aY$d20070122
=FMT  \\$a  BK
=LAS  \\$aBATCH-BUOC$b00$c20070322$lBLL01$h2136

