=LDR  01635 am a2200445 a 4500
=001  013676258
=003  Uk
=005  20070503213518.0
=008  060519s2007\\\\maua\\\\\b\\\\001\0\eng\\
=010  \\$a  2006016618
=020  \\$a9780807009871 (hardcover : alk. paper)
=020  \\$a0807009873 (hardcover : alk. paper)
=040  \\$aDLC$cDLC$dDLC$dUk
=042  \\$aukblsr
=043  \\$an-us---$an-us-md
=050  00$aHV6457$b.I45 2007
=082  00$a364.134$222
=100  1\$aIfill, Sherrilyn A.
=245  10$aOn the courthouse lawn :$bconfronting the legacy of lynching in the twenty-first century /$cSherrilyn A. Ifill.
=260  \\$aBoston :$bBeacon Press,$cc2007.
=300  \\$axx, 204 p. :$bill. ;$c24 cm.
=336  \\$atext$2rdacontent
=337  \\$aunmediated$2rdamedia
=338  \\$avolume$2rdacarrier
=504  \\$aIncludes bibliographical references (p. 179-191) and index.
=650  \0$aLynching$zUnited States$xHistory.
=650  \0$aLynching$zMaryland$xHistory.
=852  \\$aBritish Library$bDSC
=856  41$3Table of contents only$uhttp://www.loc.gov/catdir/toc/ecip0614/2006016618.html
=856  42$3Publisher description$uhttp://www.loc.gov/catdir/enhancements/fy0659/2006016618-d.html
=BUF  \\$aN2$d20070227
=CAT  \\$aBATCH-APP$b00$c20070219$lBLL01$h1514
=CAT  \\$aBATCH$b00$c20070219$lBLL01$h1514
=CAT  \\$aBATCH$b00$c20070219$lBLL01$h1517
=CAT  \\$a12666$b40$c20070223$lBLL01$h1415
=CAT  \\$a5375$b40$c20070227$lBLL01$h1155
=CAT  \\$aBATCH-BUOC$b00$c20070503$lBLL01$h2135
=FIN  \\$aY$d20070227
=FMT  \\$a  BK
=LAS  \\$aBATCH-BUOC$b00$c20070503$lBLL01$h2135

