=LDR  02077 am a2200589 a 4500
=001  013682388
=003  Uk
=005  20080703215144.0
=008  060912s2007\\\\inua\\\\\\\\\\001\0\eng\\
=010  \\$a  2006030328
=015  \\$aGBA717539$2bnb
=016  7\$a013682388$2Uk
=020  \\$a9780470047040 (pbk.) :$c£26.99
=020  \\$a0470047046 (pbk.) :$c£26.99
=035  \\$a(OCoLC)ocm71322334
=035  \\$a(OCoLC)71322334
=040  \\$aDLC$cDLC$dBAKER$dC#P$dYDXCP$dBTCTA$dDLC$dUk
=042  \\$aukblsr
=050  00$aQA76.9.D3$bW6642 2007
=082  00$a005.7585$222
=100  1\$aWood, Dan,$d1962-
=245  10$aBeginning SQL server 2005 administration /$cDan Wood, Chris Leiter, Paul Turley.
=260  \\$aIndianapolis, IN :$bWiley Publishing,$cc2007.
=300  \\$axxvi, 574 p.
=336  \\$atext$2rdacontent
=337  \\$aunmediated$2rdamedia
=338  \\$avolume$2rdacarrier
=490  1\$aWrox beginning guides
=500  \\$aIncludes index.
=630  00$aSQL server.
=650  \0$aDatabase management.
=700  1\$aLeiter, Chris,$d1975-
=700  1\$aTurley, Paul,$d1962-
=830  \0$aWrox beginning guides.
=852  41$aBritish Library$bHMNTS
=856  41$3Table of contents only$uhttp://www.loc.gov/catdir/toc/ecip0620/2006030328.html
=856  42$3Contributor biographical information$uhttp://www.loc.gov/catdir/enhancements/fy0741/2006030328-b.html
=856  42$3Publisher description$uhttp://www.loc.gov/catdir/enhancements/fy0741/2006030328-d.html
=BUF  \\$aN3$d20070228
=CAT  \\$a12324$b40$c20070227$lBLL01$h1043
=CAT  \\$a12324$b40$c20070227$lBLL01$h1045
=CAT  \\$a12324$b40$c20070227$lBLL01$h1046
=CAT  \\$a9678$b40$c20070228$lBLL01$h1354
=CAT  \\$aBATCH-BUOC$b00$c20080703$lBLL01$h2151
=CAT  \\$aBATCH$b00$c20091217$lBLL01$h0447
=CAT  \\$aBATCH$b00$c20100103$lBLL01$h1241
=CAT  \\$aWR16_021$c20160617$lBLL01$h1810
=CAT  \\$aBATCH-UPD$b00$c20160617$lBLL01$h1903
=FIN  \\$aY$d20070228
=FMT  \\$a  BK
=LAS  \\$aBATCH-UPD$b00$c20160617$lBLL01$h1903
=SRC  \\$aBLL02

