=LDR  02035 am a2200517 a 4500
=001  013682858
=003  Uk
=005  20070228112747.0
=008  060613s2006\\\\ctu\\\\\\b\\\\001\0\eng\\
=010  \\$a  2006019255
=015  \\$aGBA717502$2bnb
=016  7\$a013682858$2Uk
=020  \\$a9780275987992 (cased) :$cNo price
=020  \\$a027598799X (cased) :$cNo price
=035  \\$a(OCoLC)ocm70176790
=035  \\$a(OCoLC)70176790
=040  \\$aDLC$cDLC$dBAKER$dC#P$dYDXCP$dBTCTA$dDLC$dUk
=042  \\$aukblsr
=043  \\$an-cn---$an-us---
=050  00$aHV875.55$b.D53 2006
=082  00$a362.7340973$222
=100  1\$aDickerson, James.
=245  14$aThe basics of adoption :$ba guide for building families in the U.S. and Canada /$cJames L. Dickerson and Mardi Allen.
=260  \\$aWestport, Conn. ;$aLondon :$bPraeger,$c2006.
=300  \\$axi, 288 p. ;$c25 cm.
=336  \\$atext$2rdacontent
=337  \\$aunmediated$2rdamedia
=338  \\$avolume$2rdacarrier
=504  \\$aIncludes bibliographical references (p. 277-284) and index.
=505  0\$aStarting the adoption process -- What they want to know about you -- They gave you a child: now what? -- International adoptions -- Adoption in Canada -- Raising an adopted child -- Single-parent adoptions -- Gay and lesbian adoptions -- Adoption agencies in the United States and Canada.
=650  \0$aAdoption$zUnited States.
=650  \0$aAdoption$zCanada.
=690  7\$aSocial Welfare$2blcoll
=700  1\$aAllen, Mardi,$d1951-
=852  41$aBritish Library$bHMNTS
=856  41$3Table of contents only$uhttp://www.loc.gov/catdir/toc/ecip0616/2006019255.html
=CAT  \\$a11029$b40$c20070227$lBLL01$h1449
=CAT  \\$a11029$b40$c20070227$lBLL01$h1451
=CAT  \\$a9678$b40$c20070228$lBLL01$h1126
=CAT  \\$a9678$b40$c20070228$lBLL01$h1127
=CAT  \\$aWR16_021$c20160617$lBLL01$h1810
=CAT  \\$aBATCH-SWP$c20160624$lBLL01$h2223
=FIN  \\$aY$d20070228
=FMT  \\$a  BK
=LAS  \\$aBATCH-SWP$b00$c20160624$lBLL01$h2223
=SRC  \\$aBLL02

