=LDR  01684 am a2200469 a 4500
=001  013682899
=003  Uk
=005  20070228111651.0
=008  060414s2006\\\\ctua\\\\\b\\\\001\0beng\\
=010  \\$a  2006012711
=015  \\$aGBA717499$2bnb
=016  7\$a013682899$2Uk
=020  \\$a9781591583035 (pbk.) :$cNo price
=020  \\$a1591583039 (pbk.) :$cNo price
=035  \\$a(OCoLC)ocm67921868
=035  \\$a(OCoLC)67921868
=040  \\$aDLC$cDLC$dBAKER$dC#P$dBTCTA$dYDXCP$dDLC$dUk
=042  \\$aukblsr
=050  00$aZ5917.D5$bN53 2006
=082  00$a016.80883782$222
=100  10$aNiebuhr, Gary Warren.
=245  10$aRead 'em their writes :$ba handbook for mystery and crime fiction book discussions /$cGary Warren Niebuhr.
=246  3\$aRead them their writes
=260  \\$aWestport, Conn. ;$aLondon :$bLibraries Unlimited,$c2006.
=300  \\$axii, 249 p. :$bill. ;$c26 cm.
=336  \\$atext$2rdacontent
=337  \\$aunmediated$2rdamedia
=338  \\$avolume$2rdacarrier
=504  \\$aIncludes bibliographical references (p. [231]-232) and indexes.
=650  \0$aDetective and mystery stories$vBibliography.
=650  \0$aDetective and mystery stories$xStories, plots, etc.
=650  \0$aBook clubs (Discussion groups)
=852  41$aBritish Library$bHMNTS
=856  41$3Table of contents only$uhttp://www.loc.gov/catdir/toc/ecip0612/2006012711.html
=CAT  \\$a12324$b40$c20070227$lBLL01$h1534
=CAT  \\$a9678$b40$c20070228$lBLL01$h1116
=CAT  \\$aWR16_021$c20160617$lBLL01$h1810
=CAT  \\$aBATCH-UPD$b00$c20160617$lBLL01$h1903
=FIN  \\$aY$d20070228
=FMT  \\$a  BK
=LAS  \\$aBATCH-UPD$b00$c20160617$lBLL01$h1903
=SRC  \\$aBLL02

