=LDR  02150 am a2200505 a 4500
=001  013682983
=003  Uk
=005  20070329213730.0
=008  060913s2007\\\\caua\\\\\b\\\\001\0\eng\\
=010  \\$a  2006030499
=015  \\$aGBA717506$2bnb
=016  7\$a013682983$2Uk
=020  \\$a9780787978334 (pbk.) :$c£16.99
=020  \\$a0787978337 (pbk.) :$c£16.99
=035  \\$a(OCoLC)ocm71427030
=040  \\$aDLC$cDLC$dBAKER$dC#P$dYDXCP$dDLC$dUk
=042  \\$aukblsr
=050  00$aHF5681.C28$bL56 2007
=082  00$a658.15244$222
=100  1\$aLinzer, Richard.
=245  14$aThe cash flow solution :$ba nonprofit board member's guide to financial success /$cRichard and Anna Linzer ; foreword by Philip Horn.
=250  \\$a1st ed.
=260  \\$aSan Francisco :$bJossey Bass,$cc2007.
=300  \\$axxii, 131 p. :$bill. ;$c23 cm.
=336  \\$atext$2rdacontent
=337  \\$aunmediated$2rdamedia
=338  \\$avolume$2rdacarrier
=504  \\$aIncludes bibliographical references (p. 119-125) and index.
=505  0\$aThe case for cash flow -- Annualized summary budgets and cash flow budgets -- All about footnotes -- Forecasting in a fraction of time -- Monitoring in moments -- Cash flow analysis and some operating principles -- Nonprofits and borrowing money -- Meeting your banker -- Dealing with deficits and other surprises -- Capital accumulation, the great American dream -- Pros and cons of ownership by a nonprofit -- Earned revenue and discounts.
=650  \0$aCash flow.
=650  \0$aNonprofit organizations$xFinance.
=690  7\$aManagement and Business Studies$2blcoll
=700  1\$aLinzer, Anna.
=852  41$aBritish Library$bHMNTS
=856  41$3Table of contents only$uhttp://www.loc.gov/catdir/toc/ecip071/2006030499.html
=BUF  \\$aN3$d20070228
=CAT  \\$a12324$b40$c20070227$lBLL01$h1612
=CAT  \\$a9678$b40$c20070228$lBLL01$h1136
=CAT  \\$aBATCH-BUOC$b00$c20070329$lBLL01$h2137
=CAT  \\$aWR16_021$c20160617$lBLL01$h1810
=CAT  \\$aBATCH-MBS$c20160624$lBLL01$h2103
=FIN  \\$aY$d20070228
=FMT  \\$a  BK
=LAS  \\$aBATCH-MBS$b00$c20160624$lBLL01$h2103
=SRC  \\$aBLL02

