=LDR  01700 am a2200421 a 4500
=001  013685133
=003  Uk
=005  20070301121937.0
=008  060131s2006\\\\ncua\\\\\b\\\\001\0\eng\\
=010  \\$a  2006003244
=015  \\$aGBA717621$2bnb
=016  7\$a013685133$2Uk
=020  \\$a0786425024 (pbk.) :$cNo price
=035  \\$a(OCoLC)ocm63390656
=040  \\$aDLC$cDLC$dYDX$dBAKER$dIXA$dDLC$dUk
=042  \\$aukblsr
=043  \\$an-us---
=050  00$aLA205$b.W75 2006
=082  00$a370.90202$222
=100  1\$aWright, Russell O.
=245  10$aChronology of education in the United States /$cRussell O. Wright.
=260  \\$aJefferson, N.C. ;$aLondon :$bMcFarland,$cc2006.
=300  \\$aviii, 187 p. :$bill. ;$c23 cm.
=336  \\$atext$2rdacontent
=337  \\$aunmediated$2rdamedia
=338  \\$avolume$2rdacarrier
=504  \\$aIncludes bibliographical references (p. 171-173) and index.
=520  \\$a"Education in the United States has evolved from a privilege of the aristocracy to a presumed right of all citizens. Educating the entire population effectively and equally is a goal that the nation continues to pursue. The successes and failures of that pursuit over the centuries are recorded in this chronology"--Provided by publisher.
=650  \0$aEducation$zUnited States$xHistory$vChronology.
=852  41$aBritish Library$bHMNTS
=856  41$3Table of contents$uhttp://www.loc.gov/catdir/toc/ecip067/2006003244.html
=CAT  \\$a9523$b40$c20070228$lBLL01$h1401
=CAT  \\$a9523$b40$c20070301$lBLL01$h1219
=CAT  \\$aWR16_021$c20160617$lBLL01$h1811
=FIN  \\$aY$d20070301
=FMT  \\$a  BK
=LAS  \\$aWR16_021$b00$c20160617$lBLL01$h1811
=SRC  \\$aBLL02

