=LDR  02025aam a2200517 a 4500
=001  013689353
=003  Uk
=005  20080410214616.0
=008  070227s2007\\\\caua\\\\\\\\\\000\0\eng\d
=010  \\$a  2006028505
=015  \\$aGBA718817$2bnb
=016  7\$a013689353$2Uk
=020  \\$a9780811856515 (pbk.) :$c£14.99
=020  \\$a0811856518 (pbk.) :$c£14.99
=040  \\$aStDuBDS$beng$cStDuBDS$dUk
=041  1\$aeng$hjpn
=042  \\$aukblsr
=082  00$a779.309798$222
=100  1\$aHoshino, Michio,$d1952-1996.
=245  10$aHoshino's Alaska /$cMichio Hoshino ; foreword by Lynn Schooler ; introduction by Karen Colligan-Taylor ; afterword by Naoko Hoshino.
=260  \\$aSan Francisco, Calif. :$bChronicle ;$aEnfield :$bPublishers Group UK [distributor],$c2007.
=300  \\$a160 p. :$bcol. ill. ;$c21 x 26 cm.
=336  \\$atext$2rdacontent
=337  \\$aunmediated$2rdamedia
=338  \\$avolume$2rdacarrier
=500  \\$aFormerly CIP.$5Uk
=546  \\$aTranslated from the Japanese.
=650  \0$aWildlife photography$zAlaska.
=650  \0$aWilderness areas$zAlaska$vPictorial works.
=852  \\$aBritish Library$bDSC
=856  41$3Table of contents only$uhttp://www.loc.gov/catdir/toc/ecip0620/2006028505.html
=856  42$3Publisher description$uhttp://www.loc.gov/catdir/enhancements/fy0722/2006028505-d.html
=856  42$3Contributor biographical information$uhttp://www.loc.gov/catdir/enhancements/fy0732/2006028505-b.html
=BUF  \\$aN$d20070509
=CAT  \\$aBATCH-CIP$b00$c20070306$lBLL01$h1701
=CAT  \\$aBATCH$b00$c20070306$lBLL01$h1702
=CAT  \\$aBATCH$b00$c20070306$lBLL01$h1707
=CAT  \\$aBATCH$b00$c20070430$lBLL01$h1603
=CAT  \\$aBATCH$b00$c20070430$lBLL01$h1605
=CAT  \\$a8440$b40$c20070509$lBLL01$h1211
=CAT  \\$aBATCH-BUOC$b00$c20080410$lBLL01$h2146
=CAT  \\$aBATCH-UPD$b00$c20090719$lBLL01$h1855
=CAT  \\$aWR16_021$c20160617$lBLL01$h1812
=FIN  \\$aY$d20070509
=FMT  \\$a  BK
=LAS  \\$aWR16_021$b00$c20160617$lBLL01$h1812

