=LDR  01629 am a2200457 a 4500
=001  013734452
=003  Uk
=005  20070712213554.0
=008  061023s2007\\\\nyu\\\\\\b\\\\001\0\eng\\
=010  \\$a  2006035347
=020  \\$a9781594201134
=040  \\$aDLC$cDLC$dDLC$dUk
=042  \\$aukblsr
=043  \\$an-us---
=050  00$aJK2316$b.F56 2007
=082  00$a324.2736$222
=100  10$aFlanders, Laura.
=245  10$aBlue grit :$btrue Democrats take back politics from the politicians /$cby Laura Flanders.
=260  \\$aNew York :$bPenguin Press,$c2007.
=300  \\$a227 p. ;$c24 cm.
=336  \\$atext$2rdacontent
=337  \\$aunmediated$2rdamedia
=338  \\$avolume$2rdacarrier
=504  \\$aIncludes bibliographical references (p.213-215) and index.
=505  0\$aNevada -- Utah -- Montana -- Money -- Message -- Message part II : women -- Media -- 50 states.
=610  20$aDemocratic Party (U.S.)
=650  \0$aLiberalism$zUnited States.
=651  \0$aUnited States$xPolitics and government$y2001-.
=852  \\$aBritish Library$bDSC
=856  41$3Table of contents only$uhttp://www.loc.gov/catdir/toc/ecip073/2006035347.html
=BUF  \\$aN2$d20070509
=CAT  \\$aBATCH-APP$b00$c20070430$lBLL01$h1603
=CAT  \\$aBATCH$b00$c20070430$lBLL01$h1603
=CAT  \\$aBATCH$b00$c20070430$lBLL01$h1605
=CAT  \\$a8440$b40$c20070509$lBLL01$h0902
=CAT  \\$aBATCH-BUOC$b00$c20070712$lBLL01$h2135
=CAT  \\$aBATCH-UPD$b00$c20130218$lBLL01$h0944
=CAT  \\$aBATCH-UPD$b00$c20180621$lBLL01$h2044
=FIN  \\$aY$d20070509
=FMT  \\$a  BK
=LAS  \\$aBATCH-UPD$b00$c20180621$lBLL01$h2044

