=LDR  02000 am a2200505 a 4500
=001  013737728
=003  Uk
=005  20070712213554.0
=008  060915s2007\\\\nyua\\\\\\\\\\001\0\eng\\
=010  \\$a  2006030415
=020  \\$a9780571211852 (pbk. : alk. paper)
=020  \\$a0571211852 (pbk. : alk. paper)
=040  \\$aDLC$cDLC$dDLC$dUk
=042  \\$aukblsr
=043  \\$an-us---
=050  00$aHQ798$b.J39 2007
=082  00$a305.23520973$222
=100  1\$aJesella, Kara,$d1975-
=245  10$aHow Sassy changed my life :$ba love letter to the greatest teen magazine of all time /$cKara Jesella and Marisa Meltzer.
=250  \\$a1st ed.
=260  \\$aNew York :$bFaber and Faber,$c2007.
=300  \\$ax, 128 p. :$bill. ;$c28 cm.
=336  \\$atext$2rdacontent
=337  \\$aunmediated$2rdamedia
=338  \\$avolume$2rdacarrier
=500  \\$aIncludes index.
=505  0\$aThe rise -- The first year -- Feminism -- Celebrity -- Girl culture -- The Sassy ethos -- The fall -- Legacy.
=630  00$aSassy (New York, N.Y. : 1988)$xHistory.
=650  \0$aTeenage girls$zUnited States$xAttitudes.
=650  \0$aFeminism$zUnited States.
=700  1\$aMeltzer, Marisa,$d1977-
=852  \\$aBritish Library$bDSC
=856  41$3Table of contents only$uhttp://www.loc.gov/catdir/toc/ecip071/2006030415.html
=856  42$3Contributor biographical information$uhttp://www.loc.gov/catdir/enhancements/fy0701/2006030415-b.html
=856  42$3Publisher description$uhttp://www.loc.gov/catdir/enhancements/fy0701/2006030415-d.html
=856  41$3Sample text$uhttp://www.loc.gov/catdir/enhancements/fy0714/2006030415-s.html
=BUF  \\$aN2$d20070514
=CAT  \\$aBATCH-APP$b00$c20070503$lBLL01$h0951
=CAT  \\$aBATCH$b00$c20070503$lBLL01$h0951
=CAT  \\$aBATCH$b00$c20070503$lBLL01$h0953
=CAT  \\$a8440$b40$c20070514$lBLL01$h1231
=CAT  \\$aBATCH-BUOC$b00$c20070712$lBLL01$h2135
=FIN  \\$aY$d20070514
=FMT  \\$a  BK
=LAS  \\$aBATCH-BUOC$b00$c20070712$lBLL01$h2135

