=LDR  02149 am a2200517 a 4500
=001  013737780
=003  Uk
=005  20180703173229.0
=008  070301s2007\\\\nyu\\\\j\\\\\\000\0\eng\\
=010  \\$a  2007007927
=015  \\$aGBA736160$2bnb
=020  \\$a9780525950097 (cased) :$cNo price
=035  \\$a(OCoLC)ocm85783275
=035  \\$a(OCoLC)85783275
=040  \\$aDLC$cDLC$dYDX$dBAKER$dNSB$dYDXCP$dBTCTA$dJED$dVP@$dJED$dDLC$dUk
=042  \\$aukblsr
=043  \\$an-us---
=050  00$aHV6773.2$b.H36 2007
=082  00$a363.25953$222
=100  1\$aHansen, Chris,$d1959-
=245  10$aTo catch a predator :$bprotecting your kids from online enemies already in your home /$cChris Hansen.
=260  \\$aNew York, N.Y. ;$aLondon :$bDutton,$cc2007.
=300  \\$a243 p. ;$c24 cm.
=336  \\$atext$2rdacontent
=337  \\$aunmediated$2rdamedia
=338  \\$avolume$2rdacarrier
=505  0\$aLong Island and Virginia investigations -- Kacie Rene Woody -- A tale of two advocates -- California investigation -- The other victims -- MySpace -- Ohio and Florida investigations -- Bobby Grizzard: determined detective -- Treatment and offenders -- Georgia and Northern California investigations -- Keeping kids safe.
=650  \0$aComputer crimes$xInvestigation$zUnited States.
=650  \0$aChild sexual abuse$zUnited States$xPrevention.
=650  \0$aChild molesters$zUnited States$xIdentification.
=650  \0$aUndercover operations$zUnited States.
=650  \0$aOnline chat groups.
=852  \\$aBritish Library$bDSC
=856  41$3Table of contents only$uhttp://www.loc.gov/catdir/toc/ecip0712/2007007927.html
=BUF  \\$aN3$d20070514
=CAT  \\$aBATCH-APP$b00$c20070503$lBLL01$h0951
=CAT  \\$aBATCH$b00$c20070503$lBLL01$h0951
=CAT  \\$aBATCH$b00$c20070503$lBLL01$h0953
=CAT  \\$a8440$b40$c20070514$lBLL01$h0845
=CAT  \\$a8440$b40$c20070514$lBLL01$h0846
=CAT  \\$aBATCH-BUOC$b00$c20070531$lBLL01$h2136
=CAT  \\$a8964$b40$c20070607$lBLL01$h1435
=CAT  \\$aW1806-2088$c20180703$lBLL01$h1732
=FIN  \\$aY$d20070514
=FMT  \\$a  BK
=LAS  \\$aW1806-2088$b00$c20180703$lBLL01$h1732

