=LDR  02450aam a2200613 a 4500
=001  013741694
=003  Uk
=005  20071213214531.0
=008  070716s2007\\\\it\a\\\\\bc\\\000\0deng\\
=010  \\$a  2007456950
=015  \\$aGBA735755$2bnb
=016  7\$a013741694$2Uk
=020  \\$a9788861301276 (hbk.) :$c£28.00
=020  \\$a8861301274 (hbk.) :$c£28.00
=020  \\$a9788861301283 (pbk.) :$cNo price
=020  \\$a8861301282 (pbk.) :$cNo price
=040  \\$aStDuBDS$beng$cStDuBDS$dUk
=042  \\$aukblsr
=050  00$aND237.O5$bA4 2007b
=082  04$a759.13$222
=100  1\$aO'Keeffe, Georgia,$d1887-1986.
=245  10$aGeorgia O'Keeffe :$bnature and abstraction /$cRichard D. Marshall ; with texts by Yvonne Scott and Achille Bonito Oliva.
=250  \\$a1st ed.
=260  \\$aMilan :$bSkira ;$aLondon :$bThames & Hudson [distributor],$c2007.
=300  \\$a189 p. :$bill. (some col.) ;$c29 cm.
=336  \\$atext$2rdacontent
=337  \\$aunmediated$2rdamedia
=338  \\$avolume$2rdacarrier
=500  \\$aFormerly CIP.$5Uk
=500  \\$aCatalog of the exhibition held at the Irish Museum of Modern Art, Dublin, Mar. 7-May 13, 2007; and at the Vancouver Art Gallery, Vancouver, Oct. 5, 2007-Jan. 13, 2008.
=504  \\$aIncludes bibliographical references (p. 189).
=600  10$aO'Keeffe, Georgia,$d1887-1986$vExhibitions.
=650  \0$aNature in art$vExhibitions.
=700  1\$aMarshall, Richard,$d1947-
=700  1\$aScott, Yvonne.
=700  1\$aBonito Oliva, Achille.
=710  2\$aIrish Museum of Modern Art (Kilmainham, Dublin, Ireland)
=710  2\$aVancouver Art Gallery.
=852  41$aBritish Library$bHMNTS
=856  42$3Contributor biographical information$uhttp://www.loc.gov/catdir/enhancements/fy0743/2007456950-b.html
=856  42$3Publisher description$uhttp://www.loc.gov/catdir/enhancements/fy0743/2007456950-d.html
=BUF  \\$aN$d20071205
=CAT  \\$aBATCH-CIP$b00$c20070509$lBLL01$h1037
=CAT  \\$aBATCH$b00$c20070509$lBLL01$h1038
=CAT  \\$aBATCH$b00$c20070509$lBLL01$h1044
=CAT  \\$a6923$b40$c20071205$lBLL01$h1029
=CAT  \\$a6923$b40$c20071205$lBLL01$h1031
=CAT  \\$aBATCH-BUOC$b00$c20071213$lBLL01$h2145
=CAT  \\$aBATCH-UPD$b00$c20120627$lBLL01$h2029
=CAT  \\$aBATCH-UPD$b00$c20121207$lBLL01$h2140
=CAT  \\$aWR16_021$c20160617$lBLL01$h1820
=FIN  \\$aY$d20071205
=FMT  \\$a  BK
=LAS  \\$aWR16_021$b00$c20160617$lBLL01$h1820

