=LDR  01868aam a2200505 a 4500
=001  013763029
=003  Uk
=005  20080729150608.0
=008  070319s2008\\\\njua\\\\\b\\\\001\0\eng\\
=010  \\$a  2007011731
=015  \\$aGBA767750$2bnb
=016  7\$a013763029$2Uk
=020  \\$a9780132224789 (pbk.) :$c£18.99
=020  \\$a013222478X (pbk.) :$c£18.99
=040  \\$aStDuBDS$beng$cStDuBDS$dUk
=042  \\$aukblsr
=050  00$aRB45.15$b.G373 2008
=082  04$a616.07561$222
=100  1\$aGarza, Diana.
=245  10$aPhlebotomoy simplified /$cDiana Garza, Kathleen Becan-Mcbride.
=260  \\$aUpper Saddle River, N.J. :$aHarlow :$bPearson/Prentice Hall,$cc2008.
=300  \\$axvi, 303 p. :$bcol. ill. ;$c26 cm. +$e1 CD-ROM.
=336  \\$atext$2rdacontent
=337  \\$aunmediated$2rdamedia
=338  \\$avolume$2rdacarrier
=500  \\$aIncludes col. foldout of BD Vacutainer venous blood collection tube guide at back of book.
=500  \\$aFormerly CIP.$5Uk
=504  \\$aIncludes bibliographical references and index.
=538  \\$aSystem requirements for accompanying CD-ROM: Windows 98 or newer.
=538  \\$aSystem requirements for accompanying CD-ROM: Macintosh 9.X and OSX.
=650  \0$aPhlebotomy.
=700  1\$aBecan-McBride, Kathleen,$d1949-
=852  \\$aBritish Library$bDSC
=856  41$3Table of contents only$uhttp://www.loc.gov/catdir/toc/ecip0713/2007011731.html
=985  \\$aDQ manual upgrade 20080729
=BUF  \\$aR$d20070825
=CAT  \\$aBATCH-APP$b00$c20070607$lBLL01$h1011
=CAT  \\$aBATCH$b00$c20070607$lBLL01$h1012
=CAT  \\$aBATCH$b00$c20070607$lBLL01$h1019
=CAT  \\$a8440$b40$c20070825$lBLL01$h1007
=CAT  \\$a11251$b40$c20080729$lBLL01$h1506
=CAT  \\$aWR16_021$c20160617$lBLL01$h1824
=FIN  \\$aY$d20070825
=FMT  \\$a  BK
=LAS  \\$aWR16_021$b00$c20160617$lBLL01$h1824

