=LDR  01976 am a2200565 a 4500
=001  013763574
=003  Uk
=005  20080221215021.0
=008  060525s2007\\\\mdu\\\\\\b\\\\001\0\eng\\
=010  \\$a  2006017494
=015  \\$aGBA750273$2bnb
=020  \\$a9780742539815 (cloth : alk. paper) :$cNo price
=020  \\$a0742539814 (cloth : alk. paper) :$cNo price
=020  \\$a9780742539822 (pbk. : alk. paper) :$cNo price
=020  \\$a0742539822 (pbk. : alk. paper) :$cNo price
=035  \\$a(DNLM)101277682
=040  \\$aDNLM/DLC$cDLC$dDLC$dUk
=042  \\$aukblsr
=043  \\$af------
=050  00$aRA441$b.A347 2007
=060  10$aWA 530 HA1$bA298h 2006
=082  00$a362.1$222
=100  1\$aAirhihenbuwa, Collins O.
=245  10$aHealing our differences :$bthe crisis of global health and the politics of identity /$cCollins O. Airhihenbuwa.
=260  \\$aLanham ;$aPlymouth :$bRowman & Littlefield Publishers,$cc2006.
=300  \\$a215 p. ;$c24 cm.
=336  \\$atext$2rdacontent
=337  \\$aunmediated$2rdamedia
=338  \\$avolume$2rdacarrier
=504  \\$aIncludes bibliographical references (p. 199-210) and index.
=650  \0$aWorld health.
=650  \0$aSocial medicine.
=650  \0$aIdentity$xSocial aspects.
=650  12$aWorld Health$zAfrica.
=650  22$aCulture$zAfrica.
=650  22$aInternational Cooperation$zAfrica.
=650  22$aSocial Identification$zAfrica.
=650  22$aSocial Medicine$zAfrica.
=650  22$aSocioeconomic Factors$zAfrica.
=852  41$aBritish Library$bDSC
=856  41$3Table of contents only$uhttp://www.loc.gov/catdir/toc/ecip0614/2006017494.html
=BUF  \\$aN3$d20070628
=CAT  \\$a4861$b40$c20070607$lBLL01$h1427
=CAT  \\$a11002$b40$c20070628$lBLL01$h1346
=CAT  \\$a11002$b40$c20070830$lBLL01$h1412
=CAT  \\$aBATCH-BUOC$b00$c20080221$lBLL01$h2150
=FIN  \\$aY$d20070628
=FMT  \\$a  BK
=LAS  \\$aBATCH-BUOC$b00$c20080221$lBLL01$h2150
=SRC  \\$aBLL02

