=LDR  01544 am a2200469 a 4500
=001  013775401
=003  Uk
=005  20070920092656.0
=008  070328s2007\\\\inua\\\\\\\\\\001\0\eng\\
=010  \\$a  2007013349
=015  \\$aGBA776140$2bnb
=016  7\$a013775401$2Uk
=020  \\$a9780789736918 (pbk.) :$c£28.99
=020  \\$a0789736918 (pbk.) :$c£28.99
=035  \\$a(OCoLC)ocn122291816
=040  \\$aDLC$cDLC$dBAKER$dC#P$dYDXCP$dBTCTA$dDLC$dUk
=042  \\$aukblcatcopy
=050  00$aT385$b.J644 2007
=082  00$a006.686$222
=100  1\$aJohnson, Steve,$d1961-
=245  10$aAdobe Photoshop CS3 on demand /$cSteve Johnson.
=260  \\$aIndianapolis, Ind. :$bQue Pub.,$cc2007.
=300  \\$axxii, 569 p. :$bill. (chiefly col.) ;$c24 cm.
=336  \\$atext$2rdacontent
=337  \\$aunmediated$2rdamedia
=338  \\$avolume$2rdacarrier
=500  \\$aIncludes index.
=630  00$aAdobe Photoshop.
=650  \0$aComputer graphics.
=852  41$aBritish Library$bHMNTS
=856  41$3Table of contents only$uhttp://www.loc.gov/catdir/toc/ecip0714/2007013349.html
=CAT  \\$aBATCH-ALDL$b00$c20070622$lBLL01$h0900
=CAT  \\$aaldl-corr8$c20070712$lBLL01$h1354
=CAT  \\$aaldl-corr8$c20070712$lBLL01$h1533
=CAT  \\$aaldl-corr8$c20070712$lBLL01$h1541
=CAT  \\$a12493$b40$c20070919$lBLL01$h1459
=CAT  \\$a7732$b40$c20070920$lBLL01$h0926
=CAT  \\$aWR16_021$c20160617$lBLL01$h1826
=FIN  \\$aY$d20070920
=FMT  \\$a  BK
=LAS  \\$aWR16_021$b00$c20160617$lBLL01$h1826
=SRC  \\$aALDL

