=LDR  02195aam a2200565 a 4500
=001  013784486
=003  Uk
=005  20081104093951.0
=008  070323s2007\\\\nyua\\\\\\\\\\001\0\eng\\
=010  \\$a  2007012322
=015  \\$aGBA751894$2bnb
=016  7\$a013784486$2Uk
=020  \\$a1892145502 (hbk.) :$c£10.99
=020  \\$a9781892145505 (hbk.) :$c£10.99
=040  \\$aStDuBDS$beng$cStDuBDS$dUk
=041  1\$aeng$hfre
=042  \\$aukblsr
=043  \\$ae-fr---
=050  00$aDC707$b.N2513 2007
=082  00$a914.43610484$222
=100  1\$aNapias, Jean-Christophe.
=240  10$aParis au calme.$lEnglish
=245  10$aQuiet corners of Paris :$bunexpected hideaways, secret courtyards, hidden gardens /$cby Jean-Christophe Napias ; photos by Christophe Lefébure ; translated by David Downie.
=260  \\$aNew York :$bLittle Bookroom ;$aYork :$bSignature Book Services [distributor],$c2007.
=300  \\$a166 p. :$bcol. ill. ;$c16 cm.
=336  \\$atext$2rdacontent
=337  \\$aunmediated$2rdamedia
=338  \\$avolume$2rdacarrier
=500  \\$aFormerly CIP.$5Uk
=500  \\$aIncludes index.
=651  \0$aParis (France)$vPictorial works.
=651  \0$aParis (France)$xBuildings, structures, etc.
=651  \0$aParis (France)$xDescription and travel.
=700  1\$aLefébure, Christophe.
=852  41$aBritish Library$bHMNTS
=856  41$3Table of contents only$uhttp://www.loc.gov/catdir/toc/ecip0713/2007012322.html
=856  42$3Contributor biographical information$uhttp://www.loc.gov/catdir/enhancements/fy0705/2007012322-b.html
=856  42$3Publisher description$uhttp://www.loc.gov/catdir/enhancements/fy0705/2007012322-d.html
=BUF  \\$aN$d20080519
=CAT  \\$a12664$b40$c20080519$lBLL01$h1552
=CAT  \\$a12664$b40$c20080519$lBLL01$h1553
=CAT  \\$aBATCH$b00$c20070703$lBLL01$h1703
=CAT  \\$aBATCH$b00$c20070703$lBLL01$h1711
=CAT  \\$aBATCH-CIP$b00$c20070703$lBLL01$h1702
=CAT  \\$aBATCH-BUOC$b00$c20081104$lBLL01$h0939
=CAT  \\$aWR16_021$c20160617$lBLL01$h1828
=CAT  \\$aBATCH-UPD$b00$c20160617$lBLL01$h2115
=FIN  \\$aY$d20080519
=FMT  \\$a  BK
=LAS  \\$aBATCH-UPD$b00$c20160617$lBLL01$h2115

