=LDR  01578 am a2200433 a 4500
=001  013794743
=003  Uk
=005  20071004215539.0
=008  060213s2005\\\\dk\\\\\\\b\\\\010\0\eng\d
=010  \\$a  2006374576
=020  \\$a8776740684
=035  \\$a(OCoLC)ocm68450672
=040  \\$aTXH$cTXH$dDLC$dUk
=041  1\$aeng$hdan
=042  \\$aukblsr
=043  \\$ae-dk---
=050  00$aTP573.D4$bG5613 2005
=100  1\$aGlamann, Kristof.
=240  10$aBryggeriets historie i Danmark indtil slutningen af det 19. århundrede.$lEnglish
=245  10$aBeer and brewing in pre-industrial Denmark /$cKristof Glamann ; translated by Geoffrey French.
=260  \\$aOdense :$bSyddansk Universitetsforlag ;$aPortland, OR :$bDistribution in the United States and Canada [by] International Specialized Book Services,$c2005.
=300  \\$a234 p. ;$c25 cm.
=336  \\$atext$2rdacontent
=337  \\$aunmediated$2rdamedia
=338  \\$avolume$2rdacarrier
=504  \\$aIncludes bibliographical references (p. [202]-234).
=650  \0$aBeer industry$zDenmark$xHistory.
=650  \0$aBrewing industry$zDenmark$xHistory.
=650  \0$aBeer$zDenmark$xHistory.
=852  41$aBritish Library$bHMNTS
=856  41$3Table of contents only$uhttp://www.loc.gov/catdir/toc/fy0609/2006374576.html
=BUF  \\$aN2$d20071001
=CAT  \\$a6191$b40$c20070717$lBLL01$h1408
=CAT  \\$a12666$b40$c20071001$lBLL01$h1352
=CAT  \\$aBATCH-BUOC$b00$c20071004$lBLL01$h2155
=FIN  \\$aY$d20071001
=FMT  \\$a  BK
=LAS  \\$aBATCH-BUOC$b00$c20071004$lBLL01$h2155
=SRC  \\$aBLL02

