=LDR  01711cam a2200457 a 4500
=001  015303729
=003  Uk
=005  20090813083336.0
=008  080603s2009\\\\nyuf\\\\\b\\\\001\0\eng\\
=010  \\$a  2008024558
=020  \\$a9780451225931
=020  \\$a0451225937
=035  \\$a(OCoLC)ocn230916713
=035  \\$a(OCoLC)230916713
=040  \\$aDLC$cDLC$dBTCTA$dBAKER$dOCLCG$dYDXCP$dOCO$dC#P$dCDX$dDLC$dUk
=042  \\$aukblcatcopy
=043  \\$an-us---$ap------
=050  00$aD767$b.A66 2009
=082  00$a940.542599$222
=100  1\$aAlexander, Larry,$d1951-
=245  10$aShadows in the jungle :$bthe Alamo Scouts behind Japanese lines in World War II /$cLarry Alexander.
=260  \\$aNew York :$bNAL Caliber,$cc2009.
=300  \\$a336 p., [16] p. of plates ;$c24 cm.
=336  \\$atext$2rdacontent
=337  \\$aunmediated$2rdamedia
=338  \\$avolume$2rdacarrier
=504  \\$aIncludes bibliographical references (p. [321]) and index.
=610  10$aUnited States.$bArmy.$bArmy, 6th.$bSpecial Reconnaissance Unit.
=650  \0$aWorld War, 1939-1945$xCampaigns$zPacific Area.
=650  \0$aWorld War, 1939-1945$xRegimental histories$zUnited States.
=650  \0$aWorld War, 1939-1945$xReconnaissance operations.
=650  \0$aWorld War, 1939-1945$xMilitary intelligence$zUnited States.
=852  41$aBritish Library$bHMNTS
=856  42$3Publisher description$uhttp://www.loc.gov/catdir/enhancements/fy0906/2008024558-d.html
=CAT  \\$a6160$b40$c20090701$lBLL01$h1403
=CAT  \\$a11131$b40$c20090813$lBLL01$h0833
=CAT  \\$aW2308-1659$c20230923$lBLL01$h1043
=FIN  \\$aY$d20090813
=FMT  \\$a  BK
=LAS  \\$aW2308-1659$b00$c20230923$lBLL01$h1043
=SRC  \\$aBLL02

