=LDR  01799cam a2200493 a 4500
=001  015303823
=003  Uk
=005  20090818164020.0
=008  080611s2009\\\\nyu\\\\\\\\\\\000\0\eng\\
=010  \\$a  2008025496
=020  \\$a9780767916868 (pbk.)
=020  \\$a0767916867 (pbk.)
=035  \\$a(OCoLC)ocn232129368
=035  \\$a(OCoLC)232129368
=040  \\$aDLC$cDLC$dBTCTA$dBAKER$dYDXCP$dC#P$dBWX$dIJC$dCDX$dDLC$dUk
=042  \\$aukblsr
=043  \\$an-us---
=050  00$aPS153.N5$bI87 2009
=082  00$a810.93543$222
=245  00$aIt's all love :$bblack writers on soul mates, family, and friends /$cedited and with an introduction by Marita Golden.
=246  3\$aIt is all love
=260  \\$aNew York :$bBroadway Books,$cc2009.
=300  \\$axix, 403 p. ;$c21 cm.
=336  \\$atext$2rdacontent
=337  \\$aunmediated$2rdamedia
=338  \\$avolume$2rdacarrier
=650  \0$aAmerican literature$xAfrican American authors.
=650  \0$aAfrican Americans$vLiterary collections.
=650  \0$aLove.
=650  \0$aAfrican American families.
=650  \0$aAfrican Americans$xAttitudes.
=700  1\$aGolden, Marita.
=852  41$aBritish Library$bHMNTS
=856  42$3Contributor biographical information$uhttp://www.loc.gov/catdir/enhancements/fy0906/2008025496-b.html
=856  42$3Publisher description$uhttp://www.loc.gov/catdir/enhancements/fy0906/2008025496-d.html
=856  41$3Sample text$uhttp://www.loc.gov/catdir/enhancements/fy0906/2008025496-s.html
=CAT  \\$a6160$b40$c20090701$lBLL01$h1447
=CAT  \\$a11002$b40$c20090812$lBLL01$h0908
=CAT  \\$a10905$b40$c20090818$lBLL01$h1640
=CAT  \\$aW2308-1659$c20230923$lBLL01$h1043
=FIN  \\$aY$d20090812
=FMT  \\$a  BK
=LAS  \\$aW2308-1659$b00$c20230923$lBLL01$h1043
=SRC  \\$aBLL02

