=LDR  03640aam a2200505 a 4500
=001  015326885
=003  Uk
=005  20100812222826.0
=008  090618s2010\\\\paua\\\\\b\\\\001\0\eng\\
=010  \\$a2009025188  
=015  \\$aGBA969581$2bnb
=016  7\$a015326885$2Uk
=020  \\$a9780781782821 (hbk.) :$c£106.00
=020  \\$a0781782821 (hbk.) :$c£106.00
=040  \\$aStDuBDS$beng$cStDuBDS$dUk
=042  \\$aukblsr
=050  10$aRC271.R3$bI415 2010
=082  00$a616.9940642$222
=245  00$aImage-guided and adaptive radiation therapy /$c[edited by] Robert Timmerman, Lei Xing.
=260  \\$aPhiladelphia, Pa. ;$aLondon :$bLippincott Williams & Wilkins,$cc2010.
=300  \\$axvi, 367 p. :$bill. (some col.) ;$c29 cm.
=336  \\$atext$2rdacontent
=337  \\$aunmediated$2rdamedia
=338  \\$avolume$2rdacarrier
=500  \\$aFormerly CIP.$5Uk
=504  \\$aIncludes bibliographical references and index.
=505  0\$aIntroduction to image-guided and adaptive radiotherapy / Martin J. Murphy and Tianfang Li -- Image guided adaptive radiation therapy and practical perspectives / Lei Xing, Louis Lee, and Robert Timmerman -- Errors, margins, localization, and correction / Jan-Jakob Sonke and Marcel van Herk -- Use of implanted fiducial markers in IGRT / Daniel Low and James Balter -- Management of respiratory motion in radiation therapy / Gig S. Mageras and Paul J. Keall -- Image guided stereotactic radiosurgery and stereotactic body radiation therapy / T.D. Solberg, B. Kavanagh, and P.M. Medin -- Three-dimensional conformal brachytherapy : current trends and future promise / Jeffrey F. Williamson and Robert Cormack -- Target definition and localization / Daniel R. Gomez, K.S. Clifford Chao, and Nancy Y. Lee -- PET/CT and biologically conformal radiation therapy / Marco Trovo, Jeffrey Bradley, and Mitchell Machtay.
=505  0\$aHead and neck cancers / Ping Xia and Quynh-Thu Le -- Lung cancers / Steve Jiang, Loren Mell, and Ajay Sandhu -- Breast cancers / Sua Yoo ... [et al.] -- Liver malignancies / Kristy K Brock and Laura A. Dawson -- Non-hepatic gastrointestinal malignancies / Daniel T. Chang, Devin S. Schellenberg, and Albert C. Koong -- Genitourinary cancers / Lei Dong and Jeff M. Michalski -- Gynecologic malignancies / Loren K. Mell ... [et al.] -- Central nervous system tumors / Yoshiya Yamada ... [et al.] -- Pediatric cancers / Thomas Merchant and Chris Beltran -- Platforms for image-guided and adaptive radiation therapy / Warren Kilby ... [et al.] -- Quality assurance of image-guided adaptive radiation / Douglas J. Moseley ... [et al.] -- Information systems and data management / Sam Brain and Bruce H. Curran -- Image-guided and adaptive radiation therapy billing and reimbursement / Chet Szerlag, Luis Canovas, and Claire Mendenhall.
=650  \0$aImage-guided radiation therapy.
=650  12$aRadiotherapy, Computer-Assisted$xmethods.
=650  22$aNeoplasms$xradiotherapy.
=700  1\$aTimmerman, Robert D.
=700  1\$aXing, Lei.
=852  \\$aBritish Library$bSTI
=856  41$3Table of contents$uhttp://bvbr.bib-bvb.de:8991/F?func=service&doc_library=BVB01&doc_number=018803486&line_number=0001&func_code=DB_RECORDS&service_type=MEDIA
=BUF  \\$aN$d20100201
=CAT  \\$aBATCH-CIPN$b00$c20090714$lBLL01$h1700
=CAT  \\$aBATCH$b00$c20090714$lBLL01$h1701
=CAT  \\$aBATCH$b00$c20090714$lBLL01$h1704
=CAT  \\$a12664$b40$c20100201$lBLL01$h1159
=CAT  \\$aBATCH-BUOC$b00$c20100812$lBLL01$h2227
=CAT  \\$aWR16_021$c20160624$lBLL01$h1828
=FIN  \\$aY$d20100201
=FMT  \\$a  BK
=LAS  \\$aWR16_021$b00$c20160624$lBLL01$h1828

