=LDR  02081cam a22005414a 4500
=001  015331212
=003  Uk
=005  20090721144252.0
=008  090504s2009\\\\it\a\\\\\bc\\\000\0dfre\d
=010  \\$a  2009421313
=020  \\$a9788836613366 :$c34.00 EUR
=035  \\$a(ItFiC)it 09709606
=040  \\$aItFiC$cItFiC$dDLC$dUk
=042  \\$aukblderived
=043  \\$ae-it---
=050  00$aND623.L7$bA4 2009
=245  00$aFilippo et Filippino Lippi :$bla Renaissance à Prato.
=260  \\$aCinisello Balsamo, Milan :$bSilvana,$cc2009.
=300  \\$a237 p. :$bcol. ill. ;$c28 cm.
=336  \\$atext$2rdacontent
=337  \\$aunmediated$2rdamedia
=338  \\$avolume$2rdacarrier
=500  \\$aCatalog of an exhibition held at the Musée du Luxembourg, Paris, France, Mar. 25-Aug. 2, 2009.
=500  \\$a"Sous la direction de Maria Pia Mannini, Cristina Gnoni Mavarelli"-- P. 5.
=504  \\$aIncludes bibliographical references (p. 223-237).
=600  10$aLippi, Filippino,$d-1504$vExhibitions.
=600  10$aLippi, Filippo,$dapproximately 1406-1469$vExhibitions.
=610  10$aPrato (Italy).$bMuseo comunale$vExhibitions.
=650  \0$aArt, Renaissance$zItaly$zTuscany$vExhibitions.
=650  \0$aPainting$zItaly$zPrato$vExhibitions.
=700  1\$aGnoni Mavarelli, Cristina.
=700  1\$aLippi, Filippino,$d-1504.
=700  1\$aLippi, Filippo,$dapproximately 1406-1469.
=700  1\$aMannini, Maria Pia.
=710  2\$aMusée national du Luxembourg (France)
=852  41$aBritish Library$bHMNTS
=856  41$3Table of contents only$uhttp://www.loc.gov/catdir/toc/casalini08/09709606.pdf
=985  \\$aRecord amended for WR# 13/070
=CAT  \\$a5512$b40$c20090721$lBLL01$h1442
=CAT  \\$aWR13_070$b00$c20130504$lBLL01$h0319
=CAT  \\$aBATCH-UPD$b00$c20130506$lBLL01$h1234
=CAT  \\$aBATCH-UPD$b00$c20150927$lBLL01$h2130
=CAT  \\$aBATCH-UPD$b00$c20201107$lBLL01$h1712
=CAT  \\$aW2308-1659$c20230923$lBLL01$h1044
=FIN  \\$aY$d20090721
=FMT  \\$a  BK
=LAS  \\$aW2308-1659$b00$c20230923$lBLL01$h1044
=SRC  \\$aBLL02

