=LDR  01678cam a22004454a 4500
=001  015331222
=003  Uk
=005  20090721144703.0
=008  090511s2008\\\\it\a\\\\\bc\\\001\0\ita\d
=010  \\$a  2009421390
=020  \\$a9788857200873 :$c55.00 EUR
=035  \\$a(ItFiC)it 09710965
=040  \\$aItFiC$cItFiC$dDLC$dUk
=042  \\$aukblderived
=043  \\$ae-ru---
=050  00$aNB615$b.M886 2008
=100  1\$aAndrosov, S.$q(Sergeĭ)
=245  10$aMuseo statale Ermitage :$bla scultura italiana dal XIV al XVI secolo /$cSergej Androsov.
=260  \\$aMilano :$bSkira :$bErmitage Italia,$cc2008.
=300  \\$a191 p. :$bill. (chiefly col.) ;$c28 cm.
=336  \\$atext$2rdacontent
=337  \\$aunmediated$2rdamedia
=338  \\$avolume$2rdacarrier
=504  \\$aIncludes bibliographical references (p. 183-189) and indexes.
=610  20$aGosudarstvennyĭ Ėrmitazh (Russia)$vCatalogs.
=650  \0$aSculpture, Italian$y14th century$vCatalogs.
=650  \0$aSculpture, Italian$y15th century$vCatalogs.
=650  \0$aSculpture, Italian$y16th century$vCatalogs.
=650  \0$aSculpture, Medieval$zRussia$zSaint Petersburg$vCatalogs.
=650  \0$aSculpture, Renaissance$zRussia$zSaint Petersburg$vCatalogs.
=650  \0$aSculpture$zRussia$zSaint Petersburg$vCatalogs.
=710  2\$aFondazione Ermitage Italia.
=852  41$aBritish Library$bHMNTS
=856  41$3Table of contents only$uhttp://www.loc.gov/catdir/toc/casalini08/09710965.pdf
=CAT  \\$a5512$b40$c20090721$lBLL01$h1447
=CAT  \\$aW2308-1659$c20230923$lBLL01$h1044
=FIN  \\$aY$d20090721
=FMT  \\$a  BK
=LAS  \\$aW2308-1659$b00$c20230923$lBLL01$h1044
=SRC  \\$aBLL02

