=LDR  01689cam a22004574a 4500
=001  015331226
=003  Uk
=005  20090721144853.0
=008  090518s2009\\\\it\a\\\\\bc\\\000\0dita\d
=010  \\$a  2009421479
=020  \\$a9788837068127 :$c42.00 EUR
=035  \\$a(ItFiC)it 08697795
=040  \\$aItFiC$cItFiC$dDLC$dUk
=042  \\$aukblderived
=043  \\$ae-it---
=050  00$aND623.R2$bA4 2009
=245  00$aRaffaello e Urbino :$bla formazione giovanile e i rapporti con la città natale /$ca cura di Lorenza Mochi Onori.
=260  \\$aMilano :$bElecta,$cc2009.
=300  \\$a342 p. :$bcol. ill. ;$c28 cm.
=336  \\$atext$2rdacontent
=337  \\$aunmediated$2rdamedia
=338  \\$avolume$2rdacarrier
=500  \\$aCatalog of an exhibition held at the Galleria nazionale delle Marche, Urbino, Italy, Apr. 4-July 12, 2009.
=500  \\$aErrata slip inserted.
=504  \\$aIncludes bibliographical references (p. 334-342).
=600  00$aRaphael,$d1483-1520$vExhibitions.
=600  10$aSanti, Giovanni,$dapproximately 1435-1494$vExhibitions.
=650  \0$aArt, Renaissance$zItaly$zUrbino$vExhibitions.
=700  0\$aRaphael,$d1483-1520.
=700  1\$aMochi Onori, Lorenza.
=710  2\$aGalleria nazionale delle Marche.
=852  41$aBritish Library$bHMNTS
=856  41$3Table of contents only$uhttp://www.loc.gov/catdir/toc/casalini08/08697795.pdf
=985  \\$aRecord amended for WR# 13/070
=CAT  \\$a5512$b40$c20090721$lBLL01$h1448
=CAT  \\$aWR13_070$b00$c20130504$lBLL01$h0319
=CAT  \\$aW2308-1659$c20230923$lBLL01$h1044
=FIN  \\$aY$d20090721
=FMT  \\$a  BK
=LAS  \\$aW2308-1659$b00$c20230923$lBLL01$h1044
=SRC  \\$aBLL02

