=LDR  01621cam a22004334a 4500
=001  015331231
=003  Uk
=005  20090721145038.0
=008  090427s2008\\\\it\a\\\\\bc\\\000\0\ita\d
=010  \\$a  2009421294
=020  \\$a9788895752044 :$c55.00 EUR
=035  \\$a(ItFiC)it 09131698
=040  \\$aItFiC$cItFiC$dDLC$dUk
=042  \\$aukblderived
=043  \\$ae-it---
=050  00$aN6921.F87$bS65 2008
=245  00$aSplendori del gotico nel Patriarcato di Aquileia /$c[catalogo a cura di Maurizio Buora].
=260  \\$aUdine :$bCivici musei di Udine,$c[2008]
=300  \\$a247 p. :$bcol. ill. ;$c27 cm.
=336  \\$atext$2rdacontent
=337  \\$aunmediated$2rdamedia
=338  \\$avolume$2rdacarrier
=500  \\$aCatalog of an exhibition held at the Chiesa di San Francesco, Udine, Italy, Dec. 12, 2008-Apr. 4, 2009.
=500  \\$aErrata slip inserted.
=504  \\$aIncludes bibliographical references (p. 233-244).
=650  \0$aArt, Gothic$zItaly$zFriuli$vExhibitions.
=650  \0$aArt, Italian$zItaly$zFriuli$vExhibitions.
=650  \0$aChristian art and symbolism$zItaly$zFriuli$vExhibitions.
=700  1\$aBuora, Maurizio.
=710  2\$aChiesa di San Francesco (Udine, Italy)
=710  1\$aUdine (Italy).$bCivici musei e gallerie di storia ed arte.
=852  41$aBritish Library$bHMNTS
=856  41$3Table of contents only$uhttp://www.loc.gov/catdir/toc/casalini08/09131698.pdf
=CAT  \\$a5512$b40$c20090721$lBLL01$h1450
=CAT  \\$aW2308-1659$c20230923$lBLL01$h1044
=FIN  \\$aY$d20090721
=FMT  \\$a  BK
=LAS  \\$aW2308-1659$b00$c20230923$lBLL01$h1044
=SRC  \\$aBLL02

