=LDR  02418pam a2200601 a 4500
=001  015337111
=003  Uk
=005  20101119113922.0
=007  sd\fsngnnmmneu
=008  100624s2009\\\\caua\\\\\\\\\\001\0\eng\d
=010  \\$a  2010280538
=015  \\$aGBA974516$2bnb
=016  7\$a015337111$2Uk
=020  \\$a9780811871013 :$c£30.00
=020  \\$a0811871010 :$c£30.00
=035  \\$a(OCoLC)ocn318875975
=040  \\$aStDuBDS$beng$cStDuBDS$dUk
=042  \\$aukblcatcopy
=050  00$aML3534$b.T35 2009
=082  00$a781.660922$222
=245  00$aTaking aim :$bunforgettable rock 'n' roll photographs /$cselected by Graham Nash ; with texts by Graham Nash and Jasen Emmons.
=260  \\$aSan Francisco :$bChronicle Books,$cc2009.
=300  \\$a160 p. :$bill. (some col.) ;$c31 cm. +$e1 sound disc (digital ; 4 3/4 in.)
=336  \\$atext$2rdacontent
=337  \\$aunmediated$2rdamedia
=338  \\$avolume$2rdacarrier
=500  \\$aIncludes index.
=500  \\$a"This book serves as the catalog of the exhibition Taking Aim, organized by Experience Music Project/Science Fiction Museum and Hall of Fame"--T.p. verso.
=500  \\$aFeatures works of 40 photographers.
=500  \\$aAudio disc includes Graham Nash's spoken commentary on each photograph.
=500  \\$aFormerly CIP.$5Uk
=610  20$aExperience Music Project$vExhibitions$vCatalogs.
=650  \0$aRock musicians$vPortraits$vExhibitions$vCatalogs.
=650  \0$aRock music$vPictorial works$vExhibitions$vCatalogs.
=650  \0$aPortrait photography.
=700  1\$aNash, Graham.
=700  1\$aEmmons, Jasen,$d1963-
=710  2\$aExperience Music Project.
=710  2\$aScience Fiction Museum and Hall of Fame.
=852  41$aBritish Library$bHMNTS
=856  42$3Contributor biographical information$uhttp://www.loc.gov/catdir/enhancements/fy1010/2010280538-b.html
=856  42$3Publisher description$uhttp://www.loc.gov/catdir/enhancements/fy1010/2010280538-d.html
=CAT  \\$aBATCH-CIPN$b00$c20090728$lBLL01$h1700
=CAT  \\$aBATCH$b00$c20090728$lBLL01$h1701
=CAT  \\$aBATCH$b00$c20090728$lBLL01$h1704
=CAT  \\$a6923$b40$c20100222$lBLL01$h1134
=CAT  \\$a6923$b40$c20100222$lBLL01$h1136
=CAT  \\$a12666$b40$c20101119$lBLL01$h1139
=CAT  \\$aWR16_021$c20160624$lBLL01$h1830
=FIN  \\$aY$d20101119
=FMT  \\$a  BK
=LAS  \\$aWR16_021$b00$c20160624$lBLL01$h1830
=SRC  \\$aBLL02

