=LDR  01822aam a2200505 a 4500
=001  015338042
=003  Uk
=005  20150326212503.0
=008  090424s2009\\\\njuab\\\\b\\\\001\0\eng\\
=010  \\$a2009017410  
=015  \\$aGBA975642$2bnb
=016  7\$a015338042$2Uk
=020  \\$a9781848211353 (hbk.) :$cNo price
=040  \\$aDLC$cDLC$dUk
=041  1\$aeng$hfre
=042  \\$aukblsr
=050  00$aTJ808$b.N6913 2009
=082  00$a621.042$222
=130  0\$aÉnergies renouvelables.$lEnglish.
=245  10$aRenewable energies /$cedited by Jean-Claude Sabonnadière.
=260  \\$aHoboken, NJ :$bISTE Ltd/John Wiley & Sons,$c2009.
=300  \\$axxii, 477 p. :$bill., maps ;$c24 cm.
=336  \\$atext$2rdacontent
=337  \\$aunmediated$2rdamedia
=338  \\$avolume$2rdacarrier
=500  \\$aOriginally published: Paris : Hermès science, 2006: under title: Nouvelles technologies de l'énergie, Pt. 1. Énergies renouvelables.
=504  \\$aIncludes bibliographical references and index.
=650  \0$aRenewable energy sources.
=700  1\$aSabonnadière, Jean-Claude.
=852  11$aBritish Library$bSTI
=856  42$3Publisher description$uhttp://www.loc.gov/catdir/enhancements/fy1003/2009017410-d.html
=BUF  \\$aN3$d20090730
=CAT  \\$a8387$b40$c20090729$lBLL01$h0915
=CAT  \\$a8387$b40$c20090729$lBLL01$h0918
=CAT  \\$a12271$b40$c20090729$lBLL01$h1150
=CAT  \\$a5375$b40$c20090730$lBLL01$h1315
=CAT  \\$aBATCH-BUOC$b00$c20150326$lBLL01$h2123
=CAT  \\$aBATCH-UPD$b00$c20150326$lBLL01$h2125
=CAT  \\$aBATCH-UPD$b00$c20150404$lBLL01$h1253
=CAT  \\$aWR14_128$c20160226$lBLL01$h1625
=CAT  \\$aWR16_021$c20160624$lBLL01$h1830
=FIN  \\$aY$d20090730
=FMT  \\$a  BK
=LAS  \\$aWR16_021$b00$c20160624$lBLL01$h1830
=SRC  \\$aBLL02

