=LDR  01181cam a2200373 a 4500
=001  015343105
=003  Uk
=005  20090805121429.0
=008  080407s2008\\\\ke\\\\\\\\\\\\001\0\eng\\
=010  \\$a  2008349322
=020  \\$a9966226443 (pbk.)
=040  \\$aDLC$cDLC$dDLC$dUk
=042  \\$aukblcatcopy
=043  \\$af-ke---
=050  00$aJQ2947.A58$bL86 2008
=100  1\$aLumumba, Patrick L. O.
=245  10$aKenya's quest for a constitution :$bthe postponed promise /$cP.L.O. Lumumba.
=246  30$aPostponed promise
=260  \\$aNairobi :$bJomo Kenyatta Foundation,$c2008.
=300  \\$aviii, 306 p. ;$c25 cm.
=336  \\$atext$2rdacontent
=337  \\$aunmediated$2rdamedia
=338  \\$avolume$2rdacarrier
=500  \\$aIncludes index.
=650  \0$aConstitutional history$zKenya.
=651  \0$aKenya$xPolitics and government$y2002-
=852  41$aBritish Library$bOC
=856  41$3Table of contents$uhttp://www.loc.gov/catdir/toc/fy0804/2008349322.html
=CAT  \\$a8440$b40$c20090805$lBLL01$h1214
=CAT  \\$aW2308-1659$c20230923$lBLL01$h1045
=FIN  \\$aY$d20090805
=FMT  \\$a  BK
=LAS  \\$aW2308-1659$b00$c20230923$lBLL01$h1045
=SRC  \\$aBLL02

