=LDR  01566cam a2200421 a 4500
=001  015400244
=003  Uk
=005  20220331230708.0
=008  060808s2007\\\\enka\\\\\b\\\\001\0\eng\\
=010  \\$a  2006026096
=020  \\$a0195177363 (cloth : alk. paper)
=020  \\$a9780195177367 (cloth : alk. paper)
=035  \\$a(OCoLC)ocm70867082
=035  \\$a(OCoLC)70867082
=040  \\$aDLC$cDLC$dBAKER$dC#P$dYDXCP$dBTCTA$dDLC
=050  00$aKF9640$b.D38 2007
=082  00$a345.73/01$222
=100  1\$aDavis, Angela J.,$d1956-
=245  10$aArbitrary justice :$bthe power of the American prosecutor /$cAngela J. Davis.
=260  \\$aOxford ;$aNew York :$bOxford University Press,$c2007.
=300  \\$aix, 248 p. :$bill. ;$c24 cm.
=336  \\$atext$2rdacontent
=337  \\$aunmediated$2rdamedia
=338  \\$avolume$2rdacarrier
=504  \\$aIncludes bibliographical references (p. 195-241) and index.
=540  \\$aCurrent Copyright Fee: GBP22.50$c0$5Uk
=650  \0$aPublic prosecutors$zUnited States.
=650  \0$aProsecution$xDecision making$zUnited States.
=852  41$aBritish Library$bDSC
=856  41$3Table of contents only$uhttp://www.loc.gov/catdir/toc/ecip0618/2006026096.html
=CAT  \\$a4861$b40$c20091023$lBLL01$h1342
=CAT  \\$aBATCH-CLAB$c20220330$lBLL01$h1531
=CAT  \\$aIPL-CLA$c20220331$lBLL01$h2307
=CAT  \\$aW2308-1659$c20230923$lBLL01$h1048
=CFI  0\$aCurrent Copyright Fee: GBP22.50$c0$e01-apr-2022$fGBP22.50$g0$hC$5Uk
=FMT  \\$a  BK
=LAS  \\$aW2308-1659$b00$c20230923$lBLL01$h1048
=SRC  \\$aBLL02

