=LDR  01596 am a2200493 a 4500
=001  015449907
=003  Uk
=005  20120705230907.0
=008  090807s2010\\\\enka\\\\\b\\\\001\0\eng\\
=010  \\$a2009030938  
=016  7\$a015449907$2Uk
=020  \\$a9781848211711
=040  \\$aDLC$cDLC$dDLC$dUk
=041  1\$aeng$hfre
=042  \\$aukblcatcopy
=050  00$aTS695$b.T7313 2010
=082  00$a671.735$222
=130  0\$aTraitements de surfaces en phase vapeur.$lEnglish.
=245  10$aVapor surface treatments /$cedited by Alain Galerie.
=260  \\$aLondon :$bISTE ;$aHoboken, NJ :$bWiley,$c2010.
=300  \\$ax, 390 p. :$bill. ;$c25 cm.
=336  \\$atext$2rdacontent
=337  \\$aunmediated$2rdamedia
=338  \\$avolume$2rdacarrier
=504  \\$aIncludes bibliographical references and index.
=650  \0$aVapor-plating.
=650  \0$aProtective coatings.
=650  \0$aMetals$xFinishing.
=650  \0$aSurface preparation.
=650  \0$aMetals$xHeat treatment.
=700  1\$aGalerie, Alain.
=852  \\$aBritish Library$bSTI
=856  42$3Publisher description$uhttp://www.loc.gov/catdir/enhancements/fy1004/2009030938-d.html
=BUF  \\$aN3$d20091217
=CAT  \\$a11384$b40$c20091216$lBLL01$h1453
=CAT  \\$a11384$b40$c20091216$lBLL01$h1454
=CAT  \\$a5375$b40$c20091217$lBLL01$h1156
=CAT  \\$a11244$b40$c20100105$lBLL01$h1335
=CAT  \\$aBATCH-BUOC$b00$c20120705$lBLL01$h2308
=CAT  \\$aWR16_021$c20160625$lBLL01$h1824
=FIN  \\$aY$d20091217
=FMT  \\$a  BK
=LAS  \\$aWR16_021$b00$c20160625$lBLL01$h1824
=SRC  \\$aBLL02

