=LDR  03241cam a2200589 i 4500
=001  015583414
=003  Uk
=005  20220331231107.0
=008  111202s2012\\\\nju\\\\\\b\\\\001\0\eng\\
=010  \\$a2011048524  
=015  \\$aGBB075264$2bnb
=016  7\$a015583414$2Uk
=020  \\$a9780470499030 (hbk.) :$c£76.95
=020  \\$a0470499036 (hbk.) :$c£76.95
=040  \\$aStDuBDS$beng$cStDuBDS$dUk$erda
=042  \\$aukblsr
=050  00$aTK5105.55$b.O54 2012
=082  00$a004.6$223
=100  1\$aOki, Eiji,$d1969-
=245  10$aAdvanced Internet protocols, services, and applications /$cEiji Oki, Roberto Rojas-Cessa, Mallikarjun Tatipamula, Christian Vogt.
=264  \4$aHoboken, New Jersey :$bJohn Wiley & Sons, Inc.,$c[2012]
=300  \\$axix, 240 pages ;$c24 cm.
=336  \\$atext$2rdacontent
=337  \\$aunmediated$2rdamedia
=338  \\$avolume$2rdacarrier
=500  \\$aFormerly CIP.$5Uk
=504  \\$aIncludes bibliographical references and index.
=520  \\$a"Today, the internet and computer networking are essential parts of business, learning, and personal communications and entertainment. Virtually all messages or transactions sent over the internet are carried using internet infrastructure- based on advanced internet protocols. Advanced internet protocols ensure that both public and private networks operate with maximum performance, security, and flexibility. This book is intended to provide a comprehensive technical overview and survey of advanced internet protocols, first providing a solid introduction and going on to discuss internetworking technologies, architectures and protocols. The book also shows application of the concepts in next generation networks and discusses protection and restoration, as well as various tunnelling protocols and applications. The book ends with a thorough discussion of emerging topics"--$cProvided by publisher.
=540  \\$aCurrent Copyright Fee: GBP32.00$c0$5Uk
=650  \0$aComputer network protocols.
=650  \7$aCOMPUTERS / Networking / General.$2bisacsh
=700  1\$aRojas-Cessa, Roberto.
=700  1\$aTatipamula, Mallikarjun.
=700  1\$aVogt, Christian$c(Marketing executive)
=852  11$aBritish Library$bSTI$k(B)$h004.62
=852  41$aBritish Library$bDSC
=856  42$3Cover image$uhttp://catalogimages.wiley.com/images/db/jimages/9780470499030.jpg
=856  42$3Publisher description$uhttp://www.loc.gov/catdir/enhancements/fy1205/2011048524-d.html
=856  42$3Contributor biographical information$uhttp://www.loc.gov/catdir/enhancements/fy1210/2011048524-b.html
=856  41$3Table of contents only$uhttp://www.loc.gov/catdir/enhancements/fy1210/2011048524-t.html
=BUF  \\$aN$d20120716
=CAT  \\$aBATCH-CIPN$b00$c20100622$lBLL01$h1700
=CAT  \\$aBATCH$b00$c20110112$lBLL01$h1005
=CAT  \\$a12664$b40$c20120716$lBLL01$h1114
=CAT  \\$aBATCH-BUOC$b00$c20121213$lBLL01$h2216
=CAT  \\$aWR16_021$c20160628$lBLL01$h1805
=CAT  \\$aBATCH-CLAB$c20220330$lBLL01$h1631
=CAT  \\$aIPL-CLA$c20220331$lBLL01$h2311
=CFI  0\$aCurrent Copyright Fee: GBP32.00$c0$e01-apr-2022$fGBP32.00$g0$hC$5Uk
=FIN  \\$aY$d20120716
=FMT  \\$a  BK
=LAS  \\$aIPL-CLA$b00$c20220331$lBLL01$h2311

