=LDR  01704aam a2200481 a 4500
=001  015583452
=003  Uk
=005  20111014000223.0
=008  100616s2011\\\\njua\\\\\\\\\\000\0\eng|d
=010  \\$a2010036021  
=015  \\$aGBB075302$2bnb
=016  7\$a015583452$2Uk
=020  \\$a9780470624432 (pbk.) :$c£47.50
=020  \\$a0470624434 (pbk.) :$c£47.50
=020  \\$a9780470947333 (ebk.)
=020  \\$a9780470947357 (ebk.)
=020  \\$a9780470947340 (ebk.)
=040  \\$aStDuBDS$beng$cStDuBDS$dUk
=042  \\$aukblsr
=082  00$a005.71376$222
=100  1\$aStidley, Joel,$d1976-
=245  10$aExchange Server 2010 administration :$breal world skills for MCITP Certification and beyond /$cJoel Stidley, Erik Gustafson.
=260  \\$aHoboken, N.J. :$bWiley ;$aChichester :$bJohn Wiley [distributor],$c2011.
=300  \\$axxxiv, 708 p. :$bill. ;$c24 cm +$e1 CD-ROM.
=336  \\$atext$2rdacontent
=337  \\$aunmediated$2rdamedia
=338  \\$avolume$2rdacarrier
=500  \\$aFormerly CIP.$5Uk
=630  00$aMicrosoft Exchange server.
=650  \0$aClient/server computing.
=650  \0$aElectronic mail systems.
=650  \0$aElectronic data processing personnel$xCertification.
=700  1\$aGustafson, Erik,$d1971-
=852  41$aBritish Library$bHMNTS
=856  42$3Cover image$uhttp://catalogimages.wiley.com/images/db/jimages/9780470624432.jpg
=BUF  \\$aN$d20101112
=CAT  \\$aBATCH-CIPN$b00$c20100622$lBLL01$h1700
=CAT  \\$a10958$b40$c20101112$lBLL01$h1323
=CAT  \\$aBATCH-BUOC$b00$c20111014$lBLL01$h0001
=CAT  \\$aWR16_021$c20160628$lBLL01$h1806
=FIN  \\$aY$d20101112
=FMT  \\$a  BK
=LAS  \\$aWR16_021$b00$c20160628$lBLL01$h1806

