=LDR  02016cam a2200529 a 4500
=001  015604851
=003  Uk
=005  20211210221735.0
=008  080807s2009\\\\nyuaf\\\\b\\\\001\0deng\\
=010  \\$a  2008034886
=020  \\$a9781594202001
=040  \\$aDLC$cDLC$dDLC$dUk
=042  \\$aukblcatcopy
=043  \\$an-us---$an-us-ny
=050  00$aE185.625$b.S255 2009
=082  00$a305.896/073$222
=100  10$aSandweiss, Martha A.
=245  10$aPassing strange :$ba Gilded Age tale of love and deception across the color line /$cMartha A. Sandweiss.
=260  \\$aNew York :$bPenguin Press,$c2009.
=300  \\$a370 p., [8] p. of plates :$bill. ;$c24 cm.
=336  \\$atext$2rdacontent
=337  \\$aunmediated$2rdamedia
=338  \\$avolume$2rdacarrier
=504  \\$aIncludes bibliographical references (p. [313]-358) and index.
=600  10$aKing, Clarence,$d1842-1901.
=600  10$aKing, Ada,$d1860-1964.
=600  10$aKing, Clarence,$d1842-1901$xMarriage.
=650  \0$aAfrican Americans$xRace identity$vCase studies.
=650  \0$aPassing (Identity)$zUnited States$vCase studies.
=650  \0$aMarried people$zUnited States$vCase studies.
=650  \0$aDeception$zUnited States$vCase studies.
=650  \0$aAfrican American women$vBiography.
=651  \0$aUnited States$xRace relations$xHistory$y19th century.
=651  \0$aNew York (N.Y.)$vBiography.
=690  7\$aSocial Welfare$2blcoll
=852  41$aBritish Library$bMAPS
=856  41$3Table of contents only$uhttp://www.loc.gov/catdir/toc/ecip0826/2008034886.html
=856  42$3Publisher description$uhttp://www.loc.gov/catdir/enhancements/fy0906/2008034886-d.html
=CAT  \\$a11375$b40$c20100720$lBLL01$h1126
=CAT  \\$a11131$b40$c20100805$lBLL01$h0856
=CAT  \\$aBATCH-UPD$b40$c20211201$lBLL01$h1856
=CAT  \\$aBATCH-SWP$c20211210$lBLL01$h2217
=CAT  \\$aW2308-1659$c20230923$lBLL01$h1058
=FIN  \\$aY$d20100805
=FMT  \\$a  BK
=LAS  \\$aW2308-1659$b00$c20230923$lBLL01$h1058
=SRC  \\$aBLL02

