=LDR  01662cam a22004574a 4500
=001  015676210
=003  Uk
=005  20101021111635.0
=008  061115s2006\\\\tz\ab\\\\b\\\f000\0\eng\\
=010  \\$a2006316093
=035  \\$a(OCoLC)82772415
=040  \\$aNLM$cNLM$dDLC$dUk
=042  \\$aukblderived
=043  \\$af-tz---
=050  00$aRA644.M2$bN38 2006
=060  00$a2007 I-004
=060  10$aWC 750$bT171n 2006
=110  1\$aTanzania.$bWizara ya Afya na Ustawi wa Jamii.
=245  10$aNational guidelines for malaria diagnosis and treatment, 2006 /$cUnited Republic of Tanzania, Ministry of Health and Social Welfare.
=260  \\$a[Dar es Salaam] :$bNational Malaria Control Programme,$cc2006.
=300  \\$aviii, 106 p. :$bcol. ill., col. maps ;$c30 cm.
=336  \\$atext$2rdacontent
=337  \\$aunmediated$2rdamedia
=338  \\$avolume$2rdacarrier
=490  1\$aMalaria control series ;$v11
=500  \\$a"January 2006."
=504  \\$aIncludes bibliographical references.
=650  12$aMalaria$xdiagnosis$zTanzania$vPractice Guideline.
=650  22$aMalaria$xdrug therapy$zTanzania$vPractice Guideline.
=650  \0$aMalaria$zTanzania.
=710  2\$aNational Malaria Control Programme (Tanzania)
=830  \0$aMalaria control series ;$v11.
=852  41$aBritish Library$bHMNTS
=856  41$3Table of contents only$uhttp://www.loc.gov/catdir/toc/fy0805/2006316093.html
=CAT  \\$a8440$b40$c20101021$lBLL01$h1116
=CAT  \\$aW1707-0052$c20170703$lBLL01$h1911
=CAT  \\$aW2308-1659$c20230923$lBLL01$h1101
=FIN  \\$aY$d20101021
=FMT  \\$a  BK
=LAS  \\$aW2308-1659$b00$c20230923$lBLL01$h1101
=SID  \\$aZ39$bOCLC

