=LDR  01553cam a2200445 a 4500
=001  015700368
=003  Uk
=005  20110921162354.0
=008  091207s2009\\\\sa\a\\\\\\\\\\000\0\eng\\
=010  \\$a  2009521253
=020  \\$a9781770096899
=020  \\$a1770096892
=040  \\$aDLC$cDLC$dDLC$dUk
=042  \\$aukblcatcopy
=043  \\$af-sa---
=050  00$aPN6222.S78$bH35 2009
=245  00$aHayibo! :$bthe best of Hayibo.com : breaking news into lots of little pieces.
=246  30$aBest of Hayibo.com
=260  \\$aAukland Park, South Africa :$bJacana Media,$c2009.
=300  \\$a96 p. :$bill. ;$c27 cm.
=336  \\$atext$2rdacontent
=337  \\$aunmediated$2rdamedia
=338  \\$avolume$2rdacarrier
=650  \0$aSouth African wit and humor (English)
=650  \0$aParodies.
=650  \0$aWorld politics$y2005-2015$vHumor.
=651  \0$aSouth Africa$xPolitics and government$y1994-$vHumor.
=710  2\$aHayibo.com (Firm)
=852  41$aBritish Library$bOC
=856  42$3Contributor biographical information$uhttp://www.loc.gov/catdir/enhancements/fy1004/2009521253-b.html
=856  42$3Publisher description$uhttp://www.loc.gov/catdir/enhancements/fy1004/2009521253-d.html
=CAT  \\$a11375$b40$c20101123$lBLL01$h1550
=CAT  \\$a6098$b40$c20110921$lBLL01$h1615
=CAT  \\$a6098$b40$c20110921$lBLL01$h1622
=CAT  \\$a6098$b40$c20110921$lBLL01$h1623
=CAT  \\$aW2308-1659$c20230923$lBLL01$h1102
=FIN  \\$aY$d20110921
=FMT  \\$a  BK
=LAS  \\$aW2308-1659$b00$c20230923$lBLL01$h1102
=SRC  \\$aBLL02

