=LDR  02051cam a2200577 a 4500
=001  015722380
=003  Uk
=005  20110203171729.0
=008  100726s2010\\\\gw\b\\\\\b\\\\000\0\ger\d
=020  \\$a9783881930215 (pbk.)
=020  \\$a3881930213 (pbk.)
=032  \\$a224633708
=035  \\$a(OCoLC)650635207
=035  \\$a(OCoLC)660152765
=040  \\$aGWDNB$beng$cGWDNB$dUk
=042  \\$aukblsr
=082  04$a780.78434351$2DDC22ger
=084  \\$a780$2GyFmDB
=100  1\$aLudewig, Christoph,$d1963-
=245  10$aKonzertleben in Mainz in der zweiten Hälfte des 19. Jahrhunderts im Spiegel des Mainzer Anzeigers /$cChristoph Ludewig.
=260  \\$aMainz :$bVerlag Grafisches Zentrum Mainz Bödige,$c2010.
=300  \\$aiii, 479, 56 p. :$bcol. map ;$c24 cm. +$e1 CD-ROM.
=336  \\$atext$2rdacontent
=337  \\$aunmediated$2rdamedia
=338  \\$avolume$2rdacarrier
=500  \\$aCover title.
=500  \\$aMap 24 x 44 cm. folded to 24 x 15 cm.
=502  \\$aThesis--Universität Mainz, 2007.
=504  \\$aIncludes bibliographical references.
=630  00$aAllgemeine Zeitung (Mainz, Germany)
=650  \0$aMusic$zGermany$zMainz$xHistory$y19th century$vSources.
=650  \0$aConcerts$zGermany$zMainz$xHistory$y19th century.
=650  \0$aMusical criticism$zGermany$zMainz$xHistory$y19th century.
=650  07$aMusikleben.$2swd
=650  07$aKonzertleben$2swd
=650  07$aMusikkritik$2swd
=651  \7$aMainz.$2swd
=651  \7$aMainz$2swd
=852  41$aBritish Library$bHMNTS
=856  42$3Inhaltsverzeichnis$uhttp://d-nb.info/1004982089/04
=CAT  \\$a10731$b40$c20101223$lBLL01$h1153
=CAT  \\$a11071$b40$c20110203$lBLL01$h1358
=CAT  \\$a11071$b40$c20110203$lBLL01$h1402
=CAT  \\$a11342$b40$c20110203$lBLL01$h1717
=CAT  \\$aBATCH-UPD$b40$c20160605$lBLL01$h0529
=CAT  \\$aW1707-0052$c20170703$lBLL01$h1912
=CAT  \\$aW2308-1659$c20230923$lBLL01$h1104
=FIN  \\$aY$d20110203
=FMT  \\$a  BK
=LAS  \\$aW2308-1659$b00$c20230923$lBLL01$h1104
=SID  \\$aZ39$bOCLC

