=LDR  01087 am a22003377a 4500
=001  015741078
=003  Uk
=005  20110127104629.0
=008  010613s2002\\\\mtu\\\\\\b\\\\001\0\eng\\
=010  \\$a  2001092377
=020  \\$a0971198330 (alk. paper)
=040  \\$aDLC$cDLC$dDLC
=042  \\$apcc
=050  00$aLB1025.3$b.Y47 2002
=100  1\$aYero, Judith Lloyd.
=245  10$aTeaching in mind :$bhow teacher thinking shapes education /$cJudith Lloyd Yero.
=250  \\$a1st MindFlight ed.
=260  \\$aHamilton, Mont. :$bMindFlight Pub.,$cc2002.
=300  \\$axii, 276 p. ;$c23 cm.
=336  \\$atext$2rdacontent
=337  \\$aunmediated$2rdamedia
=338  \\$avolume$2rdacarrier
=504  \\$aIncludes bibliographical references and index.
=504  \\$aIncludes bibliographical references.
=650  \0$aReflective teaching.
=852  41$aBritish Library$bDSC
=856  42$3Book review (Education Review)$uhttp://edrev.asu.edu/reviews/rev170.htm
=CAT  \\$a4861$b40$c20110127$lBLL01$h1046
=FMT  \\$a  BK
=LAS  \\$a4861$b40$c20110127$lBLL01$h1046
=SRC  \\$aBLL02

