=LDR  03115 am a2200421 a 4500
=001  015858414
=003  Uk
=005  20110729160748.0
=008  100422s2009\\\\nyub\\\\\b\\\\001\0\eng\d
=010  \\$a  2010292601
=020  \\$a9780143115571 (pbk.)
=020  \\$a014311557X
=035  \\$a(OCoLC)ocn262428574
=040  \\$aBTCTA$cBTCTA$dYDXCP$dEXC$dIAK$dMUQ$dCDX$dCKL$dDLC
=042  \\$alccopycat
=050  00$aDS371.4$b.R37 2009
=082  00$a954.9105/3$222
=100  1\$aRashid, Ahmed.
=245  10$aDescent into chaos :$bthe U.S. and the disaster in Pakistan, Afghanistan, and Central Asia /$cAhmed Rashid.
=260  \\$aNew York :$bPenguin Books,$cc2009.
=300  \\$a498 p. :$bmaps ;$c22 cm.
=336  \\$atext$2rdacontent
=337  \\$aunmediated$2rdamedia
=338  \\$avolume$2rdacarrier
=500  \\$a"With a new final chapter" -- Front cover.
=500  \\$aOriginally published by Viking Penguin in 2008.
=504  \\$aIncludes bibliographical references and index.
=505  0\$aIntroduction. Imperial overreach and nation building -- Pt. I. 9/11 and war -- 1. A man with a mission : the unending conflict in Afghanistan -- 2. "The U.S. will act like a wounded bear" : Pakistan's long search for its soul -- 3. The chief executive's schizophrenia : Pakistan, the United Nations, and the United States before 9/11 -- 4. Attack! : retaliation and invasion -- 5. The search for a settlement : Afghanistan and Pakistan at odds -- Pt. II. The politics of the post-9/11 world -- 6. A nuclear state of mind : India, Pakistan, and the war of permanent instability -- 7. The one-billion-dollar warlords : the war within Afghanistan -- 8. Musharraf's lost moment : political expediency and authoritarian rule -- Pt. III. The failure of nation building -- 9. Afghanistan I : economic reconstruction -- 10. Afghanistan II : rebuilding security -- 11. Double-dealing with Islamic extremism : al Queda and the Taliban in Pakistan -- 12. Taliban resurgent : the Taliban return home -- Pt. IV. Descent into chaos -- 13. Al Queda's bolt-hole : Pakistan's tribal areas -- 14. America shows the way : the disappeared and the rendered -- 15. Drugs and thugs : opium fuels the insurgency -- 16. Who lost Uzbekistan? : tyranny in Central Asia -- 17. The Taliban offensive : battling for control of Afghanistan, 2006-2007 -- 18. The death of an icon: Pakistan struggles to survive -- 19. Conclusion: A fragile future.
=520  \\$aExamines how the failure of the nation building policies of the United States have contributed to increased instability in both Pakistan and Afghanistan, a result which represents the greatest threat to peace and security in the global community.
=651  \0$aAfghanistan$xPolitics and government$y2001-
=651  \0$aPakistan$xPolitics and government$y1988-
=651  \0$aSouth Asia$xRelations$zUnited States.
=852  41$aBritish Library$bDSC
=856  42$3Publisher description$uhttp://www.loc.gov/catdir/enhancements/fy1101/2010292601-d.html
=CAT  \\$a5181$b40$c20110729$lBLL01$h1607
=FMT  \\$a  BK
=LAS  \\$a5181$b40$c20110729$lBLL01$h1607
=SRC  \\$aBLL02

