=LDR  02479aam a2200457 a 4500
=001  015874662
=003  Uk
=005  20120726212009.0
=008  111012s2012\\\\enk\\\\\\b\\\\001\0\eng\\
=010  \\$a2011042606  
=015  \\$aGBB199576$2bnb
=016  7\$a015874662$2Uk
=020  \\$a9781107013926 (hbk.) :$c£45.00
=020  \\$a1107013925 (hbk.) :$c£45.00
=040  \\$aStDuBDS$beng$cStDuBDS$dUk
=042  \\$aukblsr
=050  00$aQA268$b.G35 2012
=082  00$a003.54$223
=100  1\$aGalbraith, Steven D.
=245  10$aMathematics of public key cryptography /$cSteven D. Galbraith.
=260  \\$aCambridge ;$aNew York :$bCambridge University Press,$c2012.
=300  \\$axiv, 615 p. ;$c26 cm.
=336  \\$atext$2rdacontent
=337  \\$aunmediated$2rdamedia
=338  \\$avolume$2rdacarrier
=500  \\$aFormerly CIP.$5Uk
=504  \\$aIncludes bibliographical references (p. 579-602) and indexes.
=520  \\$a"Public key cryptography is a major interdisciplinary subject with many real-world applications, such as digital signatures. A strong background in the mathematics underlying public key cryptography is essential for a deep understanding of the subject, and this book provides exactly that for students and researchers in mathematics, computer science and electrical engineering. Carefully written to communicate the major ideas and techniques of public key cryptography to a wide readership, this text is enlivened throughout with historical remarks and insightful perspectives on the development of the subject. Numerous examples, proofs and exercises make it suitable as a textbook for an advanced course, as well as for self-study. For more experienced researchers it serves as a convenient reference for many important topics: the Pollard algorithms, Maurer reduction, isogenies, algebraic tori, hyperelliptic curves and many more"--$cProvided by publisher.
=650  \0$aCoding theory.
=650  \0$aCryptography$xMathematics.
=650  \7$aMATHEMATICS / Discrete Mathematics.$2bisacsh
=852  41$aBritish Library$bSTI
=856  42$3Cover image$uhttp://assets.cambridge.org/97811070/13926/cover/9781107013926.jpg
=BUF  \\$aN$d20120323
=CAT  \\$aBATCH-CIPN$b00$c20110823$lBLL01$h1700
=CAT  \\$a6524$b40$c20120323$lBLL01$h0840
=CAT  \\$aBATCH-BUOC$b00$c20120726$lBLL01$h2119
=CAT  \\$aWR16_021$c20160702$lBLL01$h1814
=FIN  \\$aY$d20120323
=FMT  \\$a  BK
=LAS  \\$aWR16_021$b00$c20160702$lBLL01$h1814

