=LDR  01659cam a2200493 a 4500
=001  015986110
=003  Uk
=005  20230223161543.0
=008  111202s2010\\\\njua\\\\\\\\\\000\0\eng|d
=010  \\$a2011048882  
=015  \\$aGBB1D9255$2bnb
=016  7\$a015986110$2Uk
=020  \\$a9780470560778 (pbk.) :$c£14.99
=020  \\$a0470560770 (pbk.) :$c£14.99
=040  \\$aStDuBDS$beng$cStDuBDS$dUk
=042  \\$aukblsr
=082  00$a641.5973$223
=245  00$aBetter homes and gardens new cook book.
=246  30$aNew cook book
=250  \\$a15th ed.
=260  \\$aHoboken, N.J. :$bWiley ;$aChichester :$bJohn Wiley [distributor],$cc2010.
=300  \\$a660 p. :$bill. ;$c23 cm.
=336  \\$atext$2rdacontent
=337  \\$aunmediated$2rdamedia
=338  \\$avolume$2rdacarrier
=500  \\$aFormerly CIP.$5Uk
=504  \\$aIncludes index.
=650  \0$aCooking, American.
=650  \7$aCOOKING$xMethods$xGeneral.$2bisacsh
=650  \7$aCooking, American.$2fast$0(OCoLC)fst01753224
=655  \7$aCookbooks.$2fast$0(OCoLC)fst01752725
=730  0\$aBetter homes and gardens.
=852  41$aBritish Library$bHMNTS
=856  42$3Cover image$uhttp://catalogimages.wiley.com/images/db/jimages/9780470560778.jpg
=985  \\$aUpdated by MS generated file for WR2302-017
=BUF  \\$aN$d20120516
=CAT  \\$aBATCH-CIPN$b00$c20111206$lBLL01$h1700
=CAT  \\$a11029$b40$c20120516$lBLL01$h1450
=CAT  \\$aWR16_021$c20160703$lBLL01$h1802
=CAT  \\$aBATCH-BUOC$b00$c20180712$lBLL01$h2121
=CAT  \\$aW2302-0174$c20230223$lBLL01$h1958
=FIN  \\$aY$d20120516
=FMT  \\$a  BK
=LAS  \\$aW2302-0174$b00$c20230223$lBLL01$h1958

