=LDR  01800cam a2200541 a 4500
=001  016020089
=003  Uk
=005  20120913212105.0
=008  120118s2012\\\\njua\\\\\b\\\\001\0\eng\\
=010  \\$a2011051085  
=015  \\$aGBB209744$2bnb
=016  7\$a016020089$2Uk
=020  \\$a9781118131343 (hbk.) :$c£110.00
=020  \\$a1118131347 (hbk.) :$c£110.00
=020  \\$z9781118205600 (ebk.)
=020  \\$z9781118205617 (ebk.)
=020  \\$z9781118205624 (ebk.)
=020  \\$z9781118205631 (ebk.)
=020  \\$z9781118205648 (ebk.)
=040  \\$aStDuBDS$beng$cStDuBDS$dUk
=042  \\$aukblsr
=050  00$aTA683.2$b.H365 2012
=082  00$a624.18341$223
=100  1\$aHassoun, M. Nadim.
=245  10$aStructural concrete :$btheory and design /$cM. Nadim Hassoun, Akthem Al-Manaseer.
=250  \\$a5th ed.
=260  \\$aHoboken, N.J. :$bWiley,$cc2012.
=300  \\$axxiv, 1007 p. :$bill. ;$c24 cm.
=336  \\$atext$2rdacontent
=337  \\$aunmediated$2rdamedia
=338  \\$avolume$2rdacarrier
=500  \\$aFormerly CIP.$5Uk
=500  \\$aIncludes index.
=504  \\$aIncludes bibliographical references and index.
=650  \0$aReinforced concrete construction.
=650  \0$aBuildings, Reinforced concrete.
=700  1\$aAl-Manaseer, A. A.$q(Akthem A.).
=852  41$aBritish Library$bSTI
=856  42$3Cover image$uhttp://catalogimages.wiley.com/images/db/jimages/9781118131343.jpg
=BUF  \\$aN$d20120906
=CAT  \\$aBATCH-CIPN$b00$c20120131$lBLL01$h1701
=CAT  \\$a6923$b40$c20120906$lBLL01$h1017
=CAT  \\$aBATCH-BUOC$b00$c20120913$lBLL01$h2120
=CAT  \\$aWR16_021$c20160703$lBLL01$h1806
=CAT  \\$aBATCH-UPD$b00$c20230315$lBLL01$h0531
=FIN  \\$aY$d20120906
=FMT  \\$a  BK
=LAS  \\$aBATCH-UPD$b00$c20230315$lBLL01$h0531

