=LDR  01662 am a2200433 i 4500
=001  016025376
=003  Uk
=005  20130627160525.0
=008  111201s2011\\\\sp\af\\\\b\\\\000\0\spa\\
=010  \\$a2012393307
=020  \\$a9788420664637 (paperback)
=035  \\$a(SP-BaPL)pu110012525
=040  \\$aDLC$beng$cDLC$dDLC$dUk$erda
=042  \\$aukblsr
=043  \\$ae-sp---
=050  00$aGV633$b.A84 2011
=082  00$a306.4830946$223
=245  00$aAtletas y ciudadanos :$bhistoria social del deporte en España (1870-2010) /$cXavier Pujadas (coord.).
=264  \1$aMadrid :$bAlianza Editorial,$c[2011]
=300  \\$a553 pages, 24 unnumbered pages of plates :$billustrations (black and white) ;$c23 cm
=336  \\$atext$2rdacontent
=337  \\$aunmediated$2rdamedia
=338  \\$avolume$2rdacarrier
=500  \\$a"En coedición con el Consejo Superior de Deportes"--Title page verso.
=504  \\$aIncludes bibliographical references (pages 507-544).
=650  \0$aSports$xSocial aspects$zSpain$xHistory.
=653  \\$aDeportes$aEspaña$aHistoria
=653  \\$aDeportes$aEspaña$aAspectos sociológicos
=700  1\$aPujadas i Martí, Xavier,$d1964-$eeditor of compilation.
=710  2\$aConsejo Superior de Deportes (Spain),$epublisher.
=852  41$aBritish Library$bHMNTS
=856  42$3Publisher description$uhttp://www.loc.gov/catdir/enhancements/fy1208/2012393307-d.html
=CAT  \\$a8229$b40$c20120207$lBLL01$h1307
=CAT  \\$a5521$b40$c20130627$lBLL01$h1605
=CAT  \\$aBATCH-UPD$b40$c20200115$lBLL01$h1656
=FIN  \\$aY$d20130627
=FMT  \\$a  BK
=LAS  \\$aBATCH-UPD$b40$c20200115$lBLL01$h1656
=SID  \\$aZ39$bLOC

