=LDR  01505 am a22004097a 4500
=001  016175320
=003  Uk
=005  20121001142041.0
=008  120614s2012\\\\lu\a\\\\\b\\\i000\0\eng\d
=020  \\$a9789279219283 (pbk.)
=020  \\$a9279219286 (pbk.)
=035  \\$a(OCoLC)795522957
=040  \\$aAKU$cAKU$dOCLCO$dGUB$dUk
=043  \\$ae------
=082  04$a331.252094$223
=245  00$aYour pension rights if you have lived or worked in more than one European country /$cEuropean Commission.
=260  \\$a[Luxembourg] :$bEuropean Union,$cc2012.
=300  \\$a1 folded sheet ([6] p.) :$bcol. ill. ;$c21 cm.
=336  \\$atext$2rdacontent
=337  \\$aunmediated$2rdamedia
=338  \\$avolume$2rdacarrier
=490  1\$aSocial Europe
=500  \\$a"KE-32-11-980-EN-C" -- P. [6].
=504  \\$aIncludes bibliographical references.
=530  \\$aAlso available on the Internet.
=650  \0$aPensions$zEuropean Union countries.
=650  \0$aSocial security$zEuropean Union countries.
=710  2\$aEuropean Commission.
=830  \0$aSocial Europe.
=852  41$aBritish Library$bHMNTS
=856  41$3Connect to online version.$uhttp://bookshop.europa.eu/en/your-pensions-rights-if-you-have-lived-or-worked-in-more-than-one-european-country-pbKE3211980/
=CAT  \\$a3563$b40$c20120924$lBLL01$h1652
=CAT  \\$a5447$b40$c20121001$lBLL01$h1420
=CAT  \\$aBATCH-UPD$b40$c20160817$lBLL01$h1922
=FMT  \\$a  BK
=LAS  \\$aBATCH-UPD$b40$c20160817$lBLL01$h1922
=SID  \\$aZ39$bOCLC

