=LDR  01317 am a2200409 a 4500
=001  016296206
=003  Uk
=005  20130307124053.0
=006  m\\\\\o\\d\\\\\\\\
=008  120321s1897\\\\ii\c\\\\o\\\\\000\0\per\d
=035  \\$a(OCoLC)781221301
=040  \\$aOCLCE$beng$cOCLCE$dOCLCQ
=041  \\$aper
=042  \\$adlr
=043  \\$aa-ii---
=050  \4$aDS436.A1$bM5
=245  00$aGulistān-i Hind :$bdaftar-i sivvum /$cDurgā Parshād Mihr.
=260  \\$aSandīlah,$c[1897].
=300  \\$a281 p. :$bport. ;$c26 cm.
=336  \\$atext$2rdacontent
=337  \\$aunmediated$2rdamedia
=338  \\$avolume$2rdacarrier
=500  \\$aIn Persian.
=588  \\$aDescription based on print version record.
=651  \0$aIndia$xHistory.
=700  1\$aDurgā Parshād Mihr.
=776  1\$cOriginal$w(OCoLC)50774179
=852  \\$aBritish Library$bOC
=856  40$3HathiTrust Digital Library$uhttp://catalog.hathitrust.org/api/volumes/oclc/50774179.html
=856  40$3Google, 2$uhttp://books.google.com/books?id=buQwAQAAMAAJ
=856  40$3Google, 1$uhttp://books.google.com/books?id=PuQwAQAAMAAJ
=CAT  \\$a14057$b40$c20130307$lBLL01$h1227
=CAT  \\$a14057$b40$c20130307$lBLL01$h1240
=FIN  \\$aY$d20130307
=FMT  \\$a  BK
=LAS  \\$a14057$b40$c20130307$lBLL01$h1240
=SID  \\$aZ39$bOCLC

