=LDR  01637 am a2200469 i 4500
=001  016429045
=003  Uk
=005  20130924135036.0
=006  m\\\\\o\\d\\\\\\\\
=008  100802s2008\\\\li\\\\\\od\\\\000\0\lit\d
=020  \\$a9986465516 (hardback)
=020  \\$a9789986465515 (hardback)
=035  \\$a(OCoLC)651930268
=040  \\$aOCLCE$beng$cOCLCE$dOCLCQ$dUk$erda
=042  \\$aukblsr
=050  \4$aPG8679$b.S84 2004
=082  04$a491.92321$223
=100  1\$aSvecevičius, B.$q(Bronius)
=245  10$aAnglų-lietuvių kalbų žodynas :$bapie 50000 žodžių /$cBronius Svecevičius.
=246  30$aEnglish-Lithuanian dictionary :$babout 50 000 words
=264  \1$a[Vilnius?] :$bLeidykla "Žodynas",$c2008.
=300  \\$a715 pages ;$c22 cm
=336  \\$atext$2rdacontent
=337  \\$aunmediated$2rdamedia
=338  \\$avolume$2rdacarrier
=650  \0$aEnglish language$vDictionaries$xLithuanian.
=650  \0$aLithuanian language$vDictionaries$xEnglish.
=776  1\$cOriginal$w(OCoLC)58475028
=852  41$aBritish Library$bHMNTS
=856  40$3Google$uhttp://books.google.com/books?id=koQYAQAAIAAJ
=CAT  \\$a9518$b40$c20130611$lBLL01$h0909
=CAT  \\$a11325$b40$c20130924$lBLL01$h1331
=CAT  \\$a11325$b40$c20130924$lBLL01$h1342
=CAT  \\$a11325$b40$c20130924$lBLL01$h1343
=CAT  \\$a11325$b40$c20130924$lBLL01$h1344
=CAT  \\$a11325$b40$c20130924$lBLL01$h1348
=CAT  \\$a11325$b40$c20130924$lBLL01$h1350
=CAT  \\$aBATCH-UPD$b40$c20200620$lBLL01$h0754
=FIN  \\$aY$d20130924
=FMT  \\$a  BK
=LAS  \\$aBATCH-UPD$b40$c20200620$lBLL01$h0754
=SID  \\$aZ39$bOCLC

