=LDR  01380 am a22003858a 4500
=001  013816390
=003  Uk
=005  20070812022916.5
=008  070213s2007\\\\mau\\\\\\\\\\\000\0\eng\\
=010  \\$a2007006182  
=020  \\$a9781566566919 (pbk.)
=040  \\$aDLC$cDLC$dDLC
=043  \\$an-us---
=050  00$aE902$b.B458 2007
=082  00$a320.97302/07$222
=100  1\$aBendib, Khalil.
=245  10$aMission accomplished :$bwicked cartoons by America's most wanted political cartoonist /$cby Khalil Bendib.
=260  \\$aNorthampton, Mass. :$bOlive Branch Press,$c2007.
=263  \\$a0705
=300  \\$ap. cm.
=336  \\$atext$2rdacontent
=337  \\$aunmediated$2rdamedia
=338  \\$avolume$2rdacarrier
=600  10$aBush, George W.$q(George Walker),$d1946-$vCaricatures and cartoons.
=650  \0$aPolitical culture$zUnited States$vCaricatures and cartoons.
=650  \0$aAmerican wit and humor, Pictorial.
=651  \0$aUnited States$xPolitics and government$y2001-$vCaricatures and cartoons.
=852  \\$aBritish Library$bDSC
=856  41$3Table of contents only$uhttp://www.loc.gov/catdir/toc/ecip0710/2007006182.html
=CAT  \\$aBATCH-APP$b00$c20070813$lBLL01$h1333
=CAT  \\$aBATCH$b00$c20070813$lBLL01$h1333
=CAT  \\$aBATCH$b00$c20070813$lBLL01$h1334
=FMT  \\$a  BK
=LAS  \\$aBATCH$b00$c20070813$lBLL01$h1334
=SRC  \\$aBlackwells

