=LDR  02197 am a2200433 a 4500
=001  013822079
=003  Uk
=005  20070821145909.0
=008  070104s2007\\\\nhua\\\\\b\\\\001\0\eng\\
=010  \\$a  2006103061
=015  \\$aGBA765833$2bnb
=016  7\$a013822079$2Uk
=020  \\$a9780325009247 (pbk.) :$cNo price
=020  \\$a0325009244 (pbk.) :$cNo price
=035  \\$a(OCoLC)ocm77573023
=035  \\$a(OCoLC)77573023
=040  \\$aDLC$cDLC$dBAKER$dBTCTA$dC#P$dYDXCP$dGZI$dDLC$dUk
=042  \\$aukblcatcopy
=050  00$aLB1050.377$b.W58 2007
=082  00$a372.4162$222
=100  1\$aWitherell, Nancy L.
=245  14$aThe guided reading classroom :$bhow to keep all students working constructively /$cNancy L. Witherell.
=260  \\$aPortsmouth, N.H. :$bHeinemann,$cc2007.
=300  \\$aviii, 175 p. :$bill. ;$c28 cm.
=336  \\$atext$2rdacontent
=337  \\$aunmediated$2rdamedia
=338  \\$avolume$2rdacarrier
=504  \\$aIncludes bibliographical references (p. 169-172) and index.
=505  0\$aWhy guided reading fits into a comprehensive language arts program -- Organizing group and independent activity time -- Minilessons : preparing for independent success -- How to structure independent activities throughout the reading lesson -- Prereading independent activities -- During reading independent and collaborative activities to improve comprehension -- Postreading independent and collaborative activities as follow-up -- Ensuring success of long-term projects : guidelines and troubleshooting -- Ideas for independent long-term projects -- Minilessons for center preparation -- Using centers effectively and with accountability -- More ideas for stationary, portable, and mobile centers -- How it works -- Putting it all together.
=650  \0$aGuided reading.
=650  \0$aGroup reading.
=852  41$aBritish Library$bHMNTS
=856  41$3Table of contents only$uhttp://www.loc.gov/catdir/toc/ecip077/2006103061.html
=CAT  \\$a12271$b40$c20070820$lBLL01$h1537
=CAT  \\$a9523$b40$c20070821$lBLL01$h1459
=CAT  \\$aWR16_021$c20160618$lBLL01$h1804
=FIN  \\$aY$d20070821
=FMT  \\$a  BK
=LAS  \\$aWR16_021$b00$c20160618$lBLL01$h1804

