=LDR  02448 am a2200493 a 4500
=001  013826972
=003  Uk
=005  20090225105524.0
=006  innn\\\\\\\\\\\\\\
=007  sd\fungnnmmned
=008  051101s2006\\\\mdug\\\\\b\\\\001\0\eng\\
=010  \\$a  2005031314
=015  \\$aGBA921271$2bnb
=016  7\$a013826972$2Uk
=020  \\$a9780810857049 (pbk.) :$cNo price
=020  \\$a0810857049 (pbk.) :$cNo price
=035  \\$a(UkOxU)UkOxUb16546683
=040  \\$aDLC$cDLC$dBAKER$dC#P$dDLC$dUkOxU$dUk
=042  \\$aukscp
=050  00$aML3795$b.Z14 2006
=082  00$a781.4$222
=100  1\$aZager, Michael.
=245  10$aMusic production :$ba manual for producers, composers, arrangers, and students /$cMichael Zager.
=260  \\$aLanham, Md. ;$aOxford :$bScarecrow Press,$c2006.
=300  \\$axxiii, 366 p. :$bmusic ;$c26 cm. +$e1 sound disc (digital stereo. ; 4 3/4 in.)
=336  \\$atext$2rdacontent
=337  \\$aunmediated$2rdamedia
=338  \\$avolume$2rdacarrier
=504  \\$aIncludes bibliographical references (p. 349-350) and index.
=505  0\$aMusic production. An overview of record production ; The creative concepts of production ; The artist ; Songwriting ; Arranging and orchestration ; Approaching arrangement and orchestration ; Coaching singers and musicians ; Mixing and mastering ; Music videos ; The production process ; Producing music for film and classical recordings ; Producing library music ; Producing advertising music, television, and corporate music ; A brief history of popular music, part I ; A brief history of popular music, part II -- Recording technology. The studio ; Audio engineering -- The music business. A combination of art and business ; The record business ; Business agreements ; CD production budget ; An opinion.
=650  \0$aMusic trade$xVocational guidance.
=650  \0$aSound recordings$xProduction and direction$xVocational guidance.
=852  41$aBritish Library$bHMNTS
=856  41$3Table of contents$uhttp://www.loc.gov/catdir/toc/ecip062/2005031314.html
=CAT  \\$aBATCH-ALDL$b00$c20070824$lBLL01$h1403
=CAT  \\$aBATCH-LDL$b00$c20070925$lBLL01$h0208
=CAT  \\$a11029$b40$c20080314$lBLL01$h0811
=CAT  \\$a6605$b40$c20090225$lBLL01$h1055
=CAT  \\$aWR16_021$c20160618$lBLL01$h1805
=FIN  \\$aY$d20090225
=FMT  \\$a  BK
=LAS  \\$aWR16_021$b00$c20160618$lBLL01$h1805
=LDO  \\$aALDL$bPB$c20070817$d4498554
=SRC  \\$aALDL

