=LDR  02120aam a2200577 a 4500
=001  014056941
=003  Uk
=005  20080501214540.0
=008  080313s2008\\\\caua\\\\\\\\\\001\0\eng\\
=010  \\$a  2008271962
=015  \\$aGBA781383$2bnb
=016  7\$a014056941$2Uk
=020  \\$a9780321525567 (pbk.) :$c£28.99
=020  \\$a0321525566 (pbk.) :$c£28.99
=040  \\$aStDuBDS$beng$cStDuBDS$dUk
=042  \\$aukblsr
=050  00$aTK5105.888$b.W95 2008
=082  04$a006.7$222
=100  1\$aWyke-Smith, Charles.
=245  10$aStylin' with CSS :$ba designer's guide /$cCharles Wyke-Smith.
=246  3\$aStyling with CSS
=250  \\$a2nd ed.
=260  \\$aIndianapolis, Ind. :$bNew Riders ;$aLondon :$bPearson Education [distributor],$cc2008.
=300  \\$axv, 298 p. :$bcol. ill. ;$c24 cm.
=336  \\$atext$2rdacontent
=337  \\$aunmediated$2rdamedia
=338  \\$avolume$2rdacarrier
=490  1\$aVoices that matter
=500  \\$aFormerly CIP.$5Uk
=500  \\$aIncludes index.
=520  \\$aExplains how to style text, create style sheets, position content, create links, design navigation, and style forms, lists, and tables, to enable any level designer to start quickly creating sites with CSS.
=650  \0$aCascading style sheets.
=650  \0$aWeb sites$xDesign.
=650  \7$aCascading style sheets.$2sears
=650  \7$aWeb sites$xDesign.$2sears
=830  \0$aVoices that matter.
=852  41$aBritish Library$bHMNTS
=856  41$3Table of contents$uhttp://www.loc.gov/catdir/toc/fy0803/2008271962.html
=BUF  \\$aN$d20080414
=CAT  \\$aBATCH-CIP$b00$c20071009$lBLL01$h1702
=CAT  \\$aBATCH$b00$c20071009$lBLL01$h1703
=CAT  \\$aBATCH$b00$c20071009$lBLL01$h1710
=CAT  \\$a11168$b40$c20080414$lBLL01$h1114
=CAT  \\$aBATCH-BUOC$b00$c20080501$lBLL01$h2145
=CAT  \\$aBATCH$b00$c20091217$lBLL01$h0508
=CAT  \\$aBATCH$b00$c20100103$lBLL01$h1301
=CAT  \\$aBATCH-UPD$b00$c20151205$lBLL01$h1730
=CAT  \\$aWR16_021$c20160618$lBLL01$h1813
=FIN  \\$aY$d20080414
=FMT  \\$a  BK
=LAS  \\$aWR16_021$b00$c20160618$lBLL01$h1813

