=LDR  01621 am a22004693a 4500
=001  014199246
=003  Uk
=005  20110930151447.0
=008  080220s2005\\\\tu\a\\\\\b\\\\001\0dtur\\
=010  \\$a  2007452038
=020  \\$a9759239922
=040  \\$aDLC$cDLC$dDLC
=042  \\$alcode
=043  \\$aa-tu---
=050  00$aBP80.Y374$bO446 2005
=100  10$aOkumuş, Necdet.
=245  10$aHalvetîlik'in Ahmediyye kolu Yiğitbaşı Veli ve külliyesi /$cNecdet Okumuş.
=246  30$aYiğitbaşı Veli ve Külliyesi
=250  \\$a1. baskı.
=260  \\$aManisa [Turkey] :$bNecdet Okumuş,$c2005.
=300  \\$a140 p. :$bill. ;$c21 cm.
=336  \\$atext$2rdacontent
=337  \\$aunmediated$2rdamedia
=338  \\$avolume$2rdacarrier
=504  \\$aIncludes bibliographical references (p. 99-104) and index.
=600  00$aYiğitbaşı Velî,$d1435 or 1436-1505?.
=650  \0$aKhalwatīyah$zTurkey$xHistory.
=650  \0$aSufis$zTurkey$vBiography.
=650  \0$aSufism$zTurkey$zHistory.
=852  41$aBritish Library$bOC
=856  41$3Table of contents only$uhttp://www.loc.gov/catdir/toc/fy10pdf02/2007452038.html
=985  \\$aRecord amended for WR# 13/070
=CAT  \\$a7861$b40$c20071023$lBLL01$h1547
=CAT  \\$a7861$b40$c20071023$lBLL01$h1548
=CAT  \\$aOC-CORR$c20101126$lBLL01$h1023
=CAT  \\$aBATCH-UPD$b00$c20101126$lBLL01$h1037
=CAT  \\$a2717$b40$c20110930$lBLL01$h1514
=CAT  \\$aBATCH-UPD$b40$c20110930$lBLL01$h1515
=CAT  \\$aWR13_070$b00$c20130504$lBLL01$h0257
=FMT  \\$a  BK
=LAS  \\$aWR13_070$b00$c20130504$lBLL01$h0257
=SRC  \\$aBLL02

