=LDR  02071cam a2200553 a 4500
=001  014275822
=003  Uk
=005  20080313214503.0
=008  071119s2008\\\\nyuab\\\\b\\\\001\0\eng\\
=010  \\$a  2007047464
=015  \\$aGBA790316$2bnb
=016  7\$a014275822$2Uk
=020  \\$a9780071477499 (hbk.) :$c£55.99
=020  \\$a0071477497 (hbk.) :$c£55.99
=040  \\$aStDuBDS$beng$cStDuBDS$dUk
=042  \\$aukblsr
=050  00$aGB1003.2$b.W45 2008
=082  00$a551.49$222
=100  1\$aWeight, Willis D.
=245  10$aHydrogeology field manual /$cWillis D. Weight.
=250  \\$a2nd ed.
=260  \\$aMaidenhead :$bMcGraw-Hill Professional,$c2008.
=300  \\$axvi, 751 p. :$bill., maps ;$c24 cm.
=336  \\$atext$2rdacontent
=337  \\$aunmediated$2rdamedia
=338  \\$avolume$2rdacarrier
=500  \\$aFormerly CIP.$5Uk
=500  \\$aRev. ed. of: Manual of applied field hydrogeology. 2001.
=504  \\$aIncludes bibliographical references and index.
=650  \0$aHydrogeology.
=700  1\$aWeight, Willis D.$tManual of applied field hydrogeology.
=852  11$aBritish Library$bSTI$k(B)$h551.49
=852  \\$aBritish Library$bHMNTS
=856  42$3Contributor biographical information$uhttp://www.loc.gov/catdir/enhancements/fy0814/2007047464-b.html
=856  42$3Publisher description$uhttp://www.loc.gov/catdir/enhancements/fy0814/2007047464-d.html
=856  41$3Table of contents only$uhttp://www.loc.gov/catdir/enhancements/fy0814/2007047464-t.html
=BUF  \\$aN$d20080219
=CAT  \\$aBATCH-CIP$b00$c20071106$lBLL01$h1702
=CAT  \\$aBATCH$b00$c20071106$lBLL01$h1703
=CAT  \\$aBATCH$b00$c20071106$lBLL01$h1712
=CAT  \\$a12324$b40$c20080219$lBLL01$h0913
=CAT  \\$a12324$b40$c20080219$lBLL01$h0915
=CAT  \\$aBATCH-BUOC$b00$c20080313$lBLL01$h2145
=CAT  \\$aWR16_021$c20160618$lBLL01$h1817
=CAT  \\$aBATCH-UPD$b00$c20160618$lBLL01$h2001
=CAT  \\$aBATCH-UPD$b00$c20220928$lBLL01$h2022
=FIN  \\$aY$d20080219
=FMT  \\$a  BK
=LAS  \\$aBATCH-UPD$b00$c20220928$lBLL01$h2022

