=LDR  01424 am a22004217a 4500
=001  014409783
=003  Uk
=005  20071122142810.0
=008  070626s2006\\\\sp\\\\\\\b\\\\000\0\spa\d
=010  \\$a  2007436333
=020  \\$a9685960062 (pbk.)
=020  \\$a0307350894 (pbk.)
=035  \\$a(CStRLIN)ILCGHZ6230708-B
=040  \\$aTEF$cTEF$dBAKER$dDLC$dUk
=050  00$aTX716.M4$bI88 2006
=082  04$a641.5972$222
=100  1\$aIturriaga de la Fuente, José N.,$d1946-
=245  10$aPasión a fuego lento :$berotismo en la cocina mexicana /$cJosé N. Iturriaga.
=260  \\$aMéxico :$bGrijalbo :$bRandom House Mondadori,$cc2006.
=300  \\$a218 p. ;$c23 cm.
=336  \\$atext$2rdacontent
=337  \\$aunmediated$2rdamedia
=338  \\$avolume$2rdacarrier
=490  1\$aActualidad
=504  \\$aIncludes bibliographical references (p. 201-212).
=650  \0$aCooking, Mexican.
=650  \0$aAphrodisiac cooking.
=830  \0$aActualidad (Editorial Grijalbo)
=852  41$aBritish Library$bHMNTS
=856  42$3Publisher description$uhttp://www.loc.gov/catdir/enhancements/fy0740/2007436333-d.html
=CAT  \\$a11002$b40$c20071122$lBLL01$h1428
=CAT  \\$aBATCH-UPD$b40$c20101011$lBLL01$h2043
=CAT  \\$a9081$b40$c20110711$lBLL01$h1445
=CAT  \\$a9081$b40$c20110712$lBLL01$h1422
=FIN  \\$aY$d20071122
=FMT  \\$a  BK
=LAS  \\$a9081$b40$c20110712$lBLL01$h1422
=SRC  \\$aBLL02

