=LDR  01666cam a22004454a 4500
=001  014457818
=003  Uk
=005  20080124112743.0
=008  070511s2007\\\\ii\\\\\\\b\\\\011\0\eng\\
=010  \\$a  2007393546
=020  \\$a9788173919275
=025  \\$aI-E-2007-393546 ; 63-90
=035  \\$a(IN-NdUBS)UBS07001098
=037  \\$bLibrary of Congress -- New Delhi Overseas Office$cRs1100.00
=040  \\$aDLC$cDLC$dDLC$dUk
=042  \\$aukblcatcopy
=043  \\$aa-ii---
=050  00$aJS7009$b.P36 2007
=245  00$aPanchayati raj and empowering people :$bnew agenda for rural India : essays in honour of Shri Mani Shankar Aiyar /$cedited by D. Sundar Ram.
=260  \\$aNew Delhi :$bPublished for Academy of Grassroots Studies and Research of India [by] Kanishka Publishers, Distributors,$c2007.
=300  \\$axliii, 472 p. ;$c23 cm.
=336  \\$atext$2rdacontent
=337  \\$aunmediated$2rdamedia
=338  \\$avolume$2rdacarrier
=504  \\$aIncludes bibliographical references and index.
=520  \\$aContributed articles.
=650  \0$aPanchayat$xCitizen participation.
=651  \0$aIndia$xRural conditions.
=700  1\$aAiyar, Mani Shankar,$d1941-
=700  1\$aSundar Ram, D.,$d1960-
=710  2\$aAcademy of Grassroots Studies and Research, India.
=852  41$aBritish Library$bOC
=856  41$3Table of contents only$uhttp://www.loc.gov/catdir/toc/fy0712/2007393546.html
=CAT  \\$a11409$b40$c20071127$lBLL01$h1405
=CAT  \\$a10958$b40$c20080124$lBLL01$h1127
=CAT  \\$aW2308-1659$c20230923$lBLL01$h1114
=FIN  \\$aY$d20080124
=FMT  \\$a  BK
=LAS  \\$aW2308-1659$b00$c20230923$lBLL01$h1114
=SRC  \\$aBLL02

