=LDR  01727 am a22004698a 4500
=001  014466278
=003  Uk
=005  20071205192206.4
=008  070301s2007\\\\nmu\\\\\\\\\\s000\0deng\\
=010  \\$a2007008927  
=020  \\$a9780826343192 (cloth : alk. paper)
=040  \\$aDLC$cDLC$dDLC
=043  \\$an-usp--$an-us-co$an-us-nm
=050  00$aF590.7$b.W66 2007
=082  00$a978$222
=100  1\$aWood, Nancy C.
=245  10$aEye of the West :$bphotographs by Nancy Wood /$cNancy Wood.
=260  \\$aAlbuquerque :$bUniversity of New Mexico Press,$c2007.
=263  \\$a0711
=300  \\$ap. cm.
=336  \\$atext$2rdacontent
=337  \\$aunmediated$2rdamedia
=338  \\$avolume$2rdacarrier
=505  0\$aThe grass roots people -- Pie Town -- The Utes --Taos Pueblo.
=650  \0$aWest (U.S.)$xSocial life and customs$vPictorial works.
=650  \0$aColorado$xSocial life and customs$vPictorial works.
=650  \0$aNew Mexico$xSocial life and customs$vPictorial works.
=650  \0$aWest (U.S.)$vBiography$vPictorial works.
=650  \0$aColorado$vBiography$vPictorial works.
=650  \0$aNew Mexico$vBiography$vPictorial works.
=650  \0$aPioneers$zColorado$vPictorial works.
=650  \0$aUte Indians$zColorado$vPictorial works.
=651  \0$aPie Town (N.M.)$vPictorial works.
=651  \0$aTaos Pueblo (N.M.)$vPictorial works.
=852  41$aBritish Library$bDSC
=856  41$3Table of contents only$uhttp://www.loc.gov/catdir/toc/ecip0712/2007008927.html
=CAT  \\$aBATCH-APP$b00$c20071206$lBLL01$h1237
=CAT  \\$aBATCH$b00$c20071206$lBLL01$h1237
=CAT  \\$aBATCH$b00$c20071206$lBLL01$h1239
=FMT  \\$a  BK
=LAS  \\$aBATCH$b00$c20071206$lBLL01$h1239
=SRC  \\$aBlackwells

