=LDR  01568 am a22004578a 4500
=001  014492786
=003  Uk
=005  20080113022401.9
=008  070501s2008\\\\nyu\\\\\\\\\\\000\0aeng\\
=010  \\$a2007017983  
=020  \\$a9780374217303 (hardcover : alk. paper)
=020  \\$a0374217300 (hardcover : alk. paper)
=040  \\$aDLC$cDLC$dDLC
=043  \\$aa-ir---
=050  00$aDS318.84.G43$bA3 2008
=082  00$a365/.45092$aB$222
=100  1\$aGhahramani, Zarah.
=245  10$aMy life as a traitor /$cZarah Ghahramani ; with Robert Hillman.
=250  \\$a1st ed.
=260  \\$aNew York :$bFarrar, Straus and Giroux,$c2008.
=263  \\$a0801
=300  \\$ap. cm.
=336  \\$atext$2rdacontent
=337  \\$aunmediated$2rdamedia
=338  \\$avolume$2rdacarrier
=600  10$aGhahramani, Zarah.
=650  \0$aStudents$zIran$vBiography.
=650  \0$aWomen$zIran$vBiography.
=650  \0$aWomen prisoners$zIran$vBiography.
=650  \0$aPrisoners$zIran$vBiography.
=651  \0$aIran$xPolitics and government$y1997-
=700  1\$aHillman, Robert,$d1948-
=852  41$aBritish Library$bDSC
=856  42$3Contributor biographical information$uhttp://www.loc.gov/catdir/enhancements/fy0740/2007017983-b.html
=856  42$3Publisher description$uhttp://www.loc.gov/catdir/enhancements/fy0740/2007017983-d.html
=CAT  \\$aBATCH-APP$b00$c20080115$lBLL01$h1534
=CAT  \\$aBATCH$b00$c20080115$lBLL01$h1534
=CAT  \\$aBATCH$b00$c20080115$lBLL01$h1536
=FMT  \\$a  BK
=LAS  \\$aBATCH$b00$c20080115$lBLL01$h1536
=SRC  \\$aBlackwells

