=LDR  01669 am a2200433 a 4500
=001  014529285
=003  Uk
=005  20090128150007.0
=008  070302s2007\\\\iau\\\\\\\\\\\000\1\eng\\
=010  \\$a  2007008812
=015  \\$aGBA909007$2bnb
=016  7\$a014529285$2Uk
=020  \\$a9781587296246 (pbk.) :$cNo price
=020  \\$a1587296241 (pbk.) :$cNo price
=040  \\$aDLC$cDLC$dDLC$dUk
=042  \\$aukblsr
=050  00$aPS3623.A8688$bD47 2007
=082  00$a813.6$222
=100  1\$aWaters, Don,$d1974-
=245  10$aDesert gothic /$cDon Waters.
=260  \\$aIowa City :$bUniversity of Iowa Press,$cc2007.
=300  \\$a152 p. ;$c24 cm.
=336  \\$atext$2rdacontent
=337  \\$aunmediated$2rdamedia
=338  \\$avolume$2rdacarrier
=490  0\$aThe Iowa short fiction award
=505  0\$aWhat to do with the dead -- Sheets -- Mr. Epstein and the dealer -- Dan Buck -- Mineral and steel -- Blood management -- Holiday at the Shamrock -- The bulls at San Luis -- Little sins -- Mormons in heat.
=852  41$aBritish Library$bHMNTS
=856  41$3Table of contents only$uhttp://www.loc.gov/catdir/toc/ecip0712/2007008812.html
=856  42$3Contributor biographical information$uhttp://www.loc.gov/catdir/enhancements/fy0726/2007008812-b.html
=856  42$3Publisher description$uhttp://www.loc.gov/catdir/enhancements/fy0726/2007008812-d.html
=CAT  \\$a12664$b40$c20080225$lBLL01$h1649
=CAT  \\$a12167$b40$c20090128$lBLL01$h1500
=CAT  \\$aWR16_021$c20160618$lBLL01$h1832
=FIN  \\$aY$d20090128
=FMT  \\$a  BK
=LAS  \\$aWR16_021$b00$c20160618$lBLL01$h1832
=LCS  0\$aThe Iowa short fiction award
=SRC  \\$aBLL02

