=LDR  01605aam a2200469 a 4500
=001  014575227
=003  Uk
=005  20091203213325.0
=008  080325s2008\\\\ctua\\\\\\\\\\000\0\eng\d
=010  \\$a2007016957  
=015  \\$aGBA851732$2bnb
=016  7\$a014575227$2Uk
=020  \\$a9781561588770 (pbk.) :$c£11.99
=020  \\$a1561588776 (pbk.) :$c£11.99
=040  \\$aStDuBDS$beng$cStDuBDS$dUk
=042  \\$aukblsr
=082  00$a635.9674$222
=100  1\$aWhite, Lee Anne.
=245  10$aWater garden idea book /$cLee Anne White.
=260  \\$aNewtown, Conn. :$bTaunton ;$aLewes :$bGMC Distribution [distributor],$cc2008.
=300  \\$a169 p. :$bill. ;$c28 cm.
=336  \\$atext$2rdacontent
=337  \\$aunmediated$2rdamedia
=338  \\$avolume$2rdacarrier
=490  1\$aTaunton home
=500  \\$aFormerly CIP.$5Uk
=505  0\$aSimple basins -- Soothing fountains -- Naturalistic ponds and streams -- Architectural waterworks.
=650  \0$aWater gardens.
=830  \0$aTaunton home
=852  41$aBritish Library$bHMNTS
=856  41$3Table of contents only$uhttp://www.loc.gov/catdir/toc/ecip0717/2007016957.html
=BUF  \\$aN$d20090106
=CAT  \\$aBATCH-CIP$b00$c20080401$lBLL01$h1703
=CAT  \\$aBATCH$b00$c20080401$lBLL01$h1705
=CAT  \\$aBATCH$b00$c20080401$lBLL01$h1715
=CAT  \\$a12327$b40$c20090106$lBLL01$h1223
=CAT  \\$aBATCH-BUOC$b00$c20091203$lBLL01$h2132
=CAT  \\$aBATCH$b00$c20091203$lBLL01$h2133
=CAT  \\$aWR16_021$c20160619$lBLL01$h1810
=FIN  \\$aY$d20090106
=FMT  \\$a  BK
=LAS  \\$aWR16_021$b00$c20160619$lBLL01$h1810

