=LDR  01823cam a22004934a 4500
=001  014670717
=003  Uk
=005  20220331225853.0
=008  070319s2007\\\\enka\\\\\b\\\\001\0\eng\\
=010  \\$a  2007011369
=020  \\$a9780195304282 (hardback : alk. paper)
=040  \\$aDLC$cDLC$dDLC
=042  \\$apcc
=043  \\$an-us---
=050  00$aE185$b.K545 2007
=082  00$a305.896/073$222
=100  1\$aKlarman, Michael J.
=245  10$aUnfinished business :$bracial equality in American history /$cMichael J. Klarman.
=260  \\$aOxford ;$aNew York :$bOxford University Press,$cc2007.
=300  \\$axx, 239 p. :$bill. ;$c22 cm.
=336  \\$atext$2rdacontent
=337  \\$aunmediated$2rdamedia
=338  \\$avolume$2rdacarrier
=490  1\$aInalienable rights series ;$vbk. 2
=504  \\$aIncludes bibliographical references (p. [223]-230) and index.
=540  \\$aCurrent Copyright Fee: GBP22.50$c0$5Uk
=650  \0$aEquality$zUnited States$xHistory.
=650  \0$aAfrican Americans$xCivil rights$xHistory.
=651  \0$aUnited States$xRace relations.
=830  \0$aInalienable rights series ;$vbk. 2.
=852  41$aBritish Library$bDSC
=856  41$3Table of contents only$uhttp://www.loc.gov/catdir/toc/ecip0714/2007011369.html
=CAT  \\$a4861$b40$c20080716$lBLL01$h1529
=CAT  \\$aBATCH$b00$c20091217$lBLL01$h0531
=CAT  \\$aBATCH$b00$c20100103$lBLL01$h1323
=CAT  \\$aBATCH-UPD$b00$c20100420$lBLL01$h1055
=CAT  \\$aBATCH-CLAB$c20220330$lBLL01$h1629
=CAT  \\$aIPL-CLA$c20220331$lBLL01$h2258
=CAT  \\$aW2308-1659$c20230923$lBLL01$h1126
=CFI  0\$aCurrent Copyright Fee: GBP22.50$c0$e01-apr-2022$fGBP22.50$g0$hC$5Uk
=FMT  \\$a  BK
=LAS  \\$aW2308-1659$b00$c20230923$lBLL01$h1126
=LCS  0\$aInalienable rights series ;$vbk. 2
=SRC  \\$aBLL02

