=LDR  02226aam a2200577 a 4500
=001  014675550
=003  Uk
=005  20091119212759.0
=008  071010s2008\\\\inua\\\\\b\\\\001\0deng\\
=010  \\$a2007042129  
=015  \\$aGBA892263$2bnb
=016  7\$a014675550$2Uk
=020  \\$a9781557534644 (pbk.) :$c£23.95
=020  \\$a1557534640 (pbk.) :$c£23.95
=040  \\$aStDuBDS$beng$cStDuBDS$dUk
=042  \\$aukblsr
=043  \\$ae-au---
=050  00$aDB80$b.L56 2008
=082  00$a943.604410922$222
=100  1\$aLindström, Fredrik,$d1965-
=245  10$aEmpire and identity :$bbiographies of the Austrian state problem in the late Habsburg empire /$cFredrik Lindström.
=260  \\$aIndiana, Ind. :$bPurdue University Press ;$aLondon :$bEurospan [distributor],$cc2008.
=300  \\$axii, 311 p. :$bill. ;$c23 cm.
=336  \\$atext$2rdacontent
=337  \\$aunmediated$2rdamedia
=338  \\$avolume$2rdacarrier
=490  1\$aCentral European studies
=500  \\$aFormerly CIP.$5Uk
=504  \\$aIncludes bibliographical references (p. 273-295) and index.
=651  \0$aAustria$xPolitics and government$y19th century.
=651  \0$aAustria$xPolitics and government$y20th century.
=651  \0$aAustria$xIntellectual life$y19th century.
=651  \0$aAustria$xIntellectual life$y20th century.
=651  \0$aAustria$vBiography.
=830  \0$aCentral European studies.
=852  41$aBritish Library$bHMNTS
=856  41$3Table of contents only$uhttp://www.loc.gov/catdir/toc/ecip082/2007042129.html
=856  42$3Contributor biographical information$uhttp://www.loc.gov/catdir/enhancements/fy0809/2007042129-b.html
=BUF  \\$aN$d20091113
=CAT  \\$aBATCH-CIPN$b00$c20080722$lBLL01$h1703
=CAT  \\$aBATCH$b00$c20080722$lBLL01$h1705
=CAT  \\$aBATCH$b00$c20080722$lBLL01$h1712
=CAT  \\$aBATCH-UPD$b00$c20080829$lBLL01$h0428
=CAT  \\$a11168$b40$c20091113$lBLL01$h1446
=CAT  \\$aBATCH-BUOC$b00$c20091119$lBLL01$h2127
=CAT  \\$aBATCH$b00$c20091119$lBLL01$h2127
=CAT  \\$aWR16_021$c20160621$lBLL01$h1810
=CAT  \\$aBATCH-UPD$b00$c20160621$lBLL01$h1908
=FIN  \\$aY$d20091113
=FMT  \\$a  BK
=LAS  \\$aBATCH-UPD$b00$c20160621$lBLL01$h1908

