=LDR  02026aam a2200529 a 4500
=001  014685855
=003  Uk
=005  20091203213304.0
=008  080411s2009\\\\dcua\\\\\b\\\\001\0\eng\\
=010  \\$a2008016483  
=015  \\$aGBA896293$2bnb
=016  7\$a014685855$2Uk
=020  \\$a9780813215358 (pbk.) :$c£19.95
=020  \\$a0813215358 (pbk.) :$c£19.95
=040  \\$aStDuBDS$beng$cStDuBDS$dUk
=042  \\$aukblsr
=050  00$aBX1862$b.S25 2009
=082  00$a262.136$222
=100  1\$aSalonen, Kirsi.
=245  12$aA sip from the "well of grace" :$bmedieval texts from the apostolic penitentiary /$cKirsi Salonen and Ludwig Schmugge.
=260  \\$aWashington, D.C. :$bCatholic University of America Press ;$aLondon :$bEurospan [distributor],$c2009.
=300  \\$axi, 196 p. :$bill. ;$c22 cm. + 1 CD-Rom (4 3/4 in.).
=336  \\$atext$2rdacontent
=337  \\$aunmediated$2rdamedia
=338  \\$avolume$2rdacarrier
=490  0\$aStudies in medieval and early modern canon law ;$v7
=500  \\$aFormerly CIP.$5Uk
=504  \\$aIncludes bibliographical references and index.
=505  0\$aThe penitentiary in the service of Christians -- Documents.
=610  20$aCatholic Church.$bPoenitentiaria Apostolica$xHistory$vSources.
=700  1\$aSchmugge, Ludwig.
=852  41$aBritish Library$bHMNTS
=856  41$3Table of contents only$uhttp://www.loc.gov/catdir/toc/ecip0816/2008016483.html
=BUF  \\$aN$d20091201
=CAT  \\$aBATCH-CIPN$b00$c20080805$lBLL01$h1702
=CAT  \\$aBATCH$b00$c20080805$lBLL01$h1704
=CAT  \\$aBATCH$b00$c20080805$lBLL01$h1711
=CAT  \\$aBATCH$b00$c20090110$lBLL01$h1806
=CAT  \\$a8479$b40$c20091201$lBLL01$h0944
=CAT  \\$a8479$b40$c20091201$lBLL01$h0945
=CAT  \\$a8479$b40$c20091201$lBLL01$h0947
=CAT  \\$aBATCH-BUOC$b00$c20091203$lBLL01$h2132
=CAT  \\$aBATCH$b00$c20091203$lBLL01$h2133
=CAT  \\$aWR16_021$c20160621$lBLL01$h1811
=FIN  \\$aY$d20091201
=FMT  \\$a  BK
=LAS  \\$aWR16_021$b00$c20160621$lBLL01$h1811

