=LDR  01767aam a2200481 a 4500
=001  014703013
=003  Uk
=005  20091203213305.0
=008  071210s2008\\\\alu\\\\\\b\\\s001\0\eng\\
=010  \\$a2007049491  
=015  \\$aGBA8A3872$2bnb
=016  7\$a014703013$2Uk
=020  \\$a9780817316211 (cloth : alk. paper)
=020  \\$a9780817354954 (pbk. : alk. paper)
=020  \\$a9780817381141 (electronic)
=040  \\$aStDuBDS$beng$cStDuBDS$dUk
=042  \\$aukblsr
=050  00$aS932.A2$bP37 2008
=082  00$a333.761509761$222
=100  1\$aPasquill, Robert G.
=245  14$aThe Civilian Conservation Corps in Alabama, 1933-1942 :$ba great and lasting good /$cRobert Pasquill, Jr.
=260  \\$aTuscaloosa, Al. :$bUniversity of Alabama Press ;$aLondon :$bEurospan [distributor],$cc2008.
=300  \\$axiii, 242 p. ;$c24 cm +$e1 CD-ROM (4 3/4 in.)
=336  \\$atext$2rdacontent
=337  \\$aunmediated$2rdamedia
=338  \\$avolume$2rdacarrier
=500  \\$aFormerly CIP.$5Uk
=504  \\$aIncludes bibliographical references and index.
=610  20$aCivilian Conservation Corps (U.S.)$zAlabama$xHistory.
=852  41$aBritish Library$bHMNTS
=856  41$3Table of contents$uhttp://www.loc.gov/catdir/toc/fy0804/2007049491.html
=BUF  \\$aN$d20091130
=CAT  \\$aBATCH-CIPN$b00$c20080826$lBLL01$h1702
=CAT  \\$aBATCH$b00$c20080826$lBLL01$h1704
=CAT  \\$aBATCH$b00$c20080826$lBLL01$h1711
=CAT  \\$a6524$b40$c20091130$lBLL01$h1549
=CAT  \\$a6524$b40$c20091130$lBLL01$h1550
=CAT  \\$aBATCH-BUOC$b00$c20091203$lBLL01$h2132
=CAT  \\$aBATCH$b00$c20091203$lBLL01$h2133
=CAT  \\$aWR16_021$c20160622$lBLL01$h1804
=FIN  \\$aY$d20091130
=FMT  \\$a  BK
=LAS  \\$aWR16_021$b00$c20160622$lBLL01$h1804

