=LDR  01734cam a22004454a 4500
=001  014747609
=003  Uk
=005  20080908111544.0
=008  020412s2002\\\\nyua\\\\\b\\\\001\0\eng\\
=010  \\$a2002068378  
=020  \\$a0312301839
=040  \\$aDLC$cDLC$dDLC
=042  \\$apcc
=043  \\$an-usn--
=050  00$aHD6073.T42$bU56 2002
=082  00$a338.4/7677/0097409034$221
=100  1\$aMoran, William,$d1934-
=245  14$aThe belles of New England :$bthe women of the textile mills and the families whose wealth they wove /$cWilliam Moran.
=250  \\$a1st ed.
=260  \\$aNew York, N.Y. :$bThomas Dunne Books/ St. Martin's Press,$c2002.
=300  \\$ax, 292 p. :$bill. ;$c24 cm.
=336  \\$atext$2rdacontent
=337  \\$aunmediated$2rdamedia
=338  \\$avolume$2rdacarrier
=504  \\$aIncludes bibliographical references (p. 267-275) and index.
=650  \0$aWomen textile workers$zNew England$xHistory.
=650  \0$aTextile industry$zNew England$xHistory.
=650  \0$aIndustrialists$zNew England$xHistory.
=650  \0$aFamily-owned business enterprises$zNew England$xHistory.
=650  \0$aRich people$zNew England$xHistory.
=650  \0$aSocial classes$zNew England$xHistory.
=852  41$aBritish Library$bDSC
=856  42$3Contributor biographical information$uhttp://www.loc.gov/catdir/bios/hol051/2002068378.html
=856  41$3Table of contents$uhttp://www.loc.gov/catdir/toc/hol051/2002068378.html
=856  42$3Publisher description$uhttp://www.loc.gov/catdir/description/hol031/2002068378.html
=CAT  \\$a8084$b40$c20080908$lBLL01$h1115
=CAT  \\$aW2308-1659$c20230923$lBLL01$h1128
=FMT  \\$a  BK
=LAS  \\$aW2308-1659$b00$c20230923$lBLL01$h1128
=SRC  \\$aBLL02

