=LDR  02627aam a2200565 a 4500
=001  014783650
=003  Uk
=005  20091203213308.0
=008  080724s2009\\\\deua\\\\\b\\\\000\0\eng\\
=010  \\$a2008032666  
=015  \\$aGBA8C2053$2bnb
=016  7\$a014783650$2Uk
=020  \\$a9780872077683 (pbk.) :$c£28.95
=020  \\$a0872077683 (pbk.) :$c£28.95
=040  \\$aStDuBDS$beng$cStDuBDS$dUk
=042  \\$aukblsr
=050  00$aLB1139.5.L35$bN49 2009
=082  00$a372.6044$222
=100  1\$aResnick, Lauren B.
=245  10$aReading and writing grade by grade /$cLauren B. Resnick, Sally Hampton with the New Standards Primary Literacy Committee.
=250  \\$aRev. ed.
=260  \\$aNewark, Del. :$bInternational Reading Association ;$aLondon :$bEurospan [distributor],$cc2009.
=300  \\$aix, 252 p. :$bill. (some col.) ;$c28 cm. +$e1 DVD (4 3/4 in.)
=336  \\$atext$2rdacontent
=337  \\$aunmediated$2rdamedia
=338  \\$avolume$2rdacarrier
=500  \\$aFormerly CIP.$5Uk
=500  \\$aRev. ed. of: Reading & writing grade by grade / New Standards, Primary Literacy Committee. c1999.
=504  \\$aIncludes bibliographical references.
=505  0\$aIntroduction : an interesting tension : performance standards and accountability measures -- Learning to read -- Learning to write -- Kindergarten : emerging readers and writers -- First grade : exuberant readers and writers -- Second grade : budding readers and writers -- Third grade : confident readers and writers -- Collections of student writing.
=650  \0$aLanguage arts (Early childhood)$xStandards.
=650  \0$aEnglish language$xComposition and exercises$xStudy and teaching (Early childhood)$xStandards.
=650  \0$aEarly childhood education$xStandards.
=650  \0$aLanguage arts (Early childhood)
=700  1\$aHampton, Sally.
=710  2\$aNew Standards (Organization).$bPrimary Literacy Committee.
=710  2\$aNew Standards (Organization).$bPrimary Literacy Committee.$tReading & writing grade by grade.
=852  41$aBritish Library$bHMNTS
=856  41$3Table of contents only$uhttp://www.loc.gov/catdir/toc/ecip0824/2008032666.html
=BUF  \\$aN$d20091201
=CAT  \\$aBATCH-CIPN$b00$c20081021$lBLL01$h1702
=CAT  \\$aBATCH$b00$c20081021$lBLL01$h1704
=CAT  \\$aBATCH$b00$c20081021$lBLL01$h1711
=CAT  \\$a10958$b40$c20091201$lBLL01$h1002
=CAT  \\$aBATCH-BUOC$b00$c20091203$lBLL01$h2132
=CAT  \\$aBATCH$b00$c20091203$lBLL01$h2133
=CAT  \\$aWR16_021$c20160622$lBLL01$h1812
=FIN  \\$aY$d20091201
=FMT  \\$a  BK
=LAS  \\$aWR16_021$b00$c20160622$lBLL01$h1812

