=LDR  01631cam a22004577a 4500
=001  014863393
=003  Uk
=005  20081222121010.0
=008  080111s2007\\\\ko\ab\\\\b\\\\000\0\kor\\
=010  \\$a2008550247
=020  \\$a9788957264522
=020  \\$a9788957264523
=035  \\$a(OCoLC)173320520
=040  \\$aDLC$cDLC
=043  \\$aa-kr---
=050  00$aPL931$b.H36 2007
=245  00$6880-01$aHan'guk chimyŏng yŏn'gu /$cHan'guk Chimyŏng Hakhoe.
=260  \\$6880-02$aSŏul T'ŭkpyŏlsi :$bHan'guk Munhwasa,$c2007.
=300  \\$a571 p. :$bill., maps ;$c26 cm.
=336  \\$atext$2rdacontent
=337  \\$aunmediated$2rdamedia
=338  \\$avolume$2rdacarrier
=490  0\$6880-03$aChimyŏnghak nonmunsŏn ;$v1
=504  \\$aIncludes bibliographical references.
=650  \0$aKorean language$xEtymology$xNames.
=650  \0$aNames, Geographical$zKorea.
=710  2\$6880-04$aHan'guk Chimyŏng Hakhoe.
=852  41$aBritish Library$bOC
=856  41$3Table of contents only$uhttp://www.loc.gov/catdir/toc/kor0801/2008550247.html
=880  00$6245-01$a한국 지명 연구 /$c韓國 地名 學會.
=880  \\$6260-02$a서울 특별시 :$b한국 문화사,$c2007.
=880  0\$6490-03$a地名學 論文選 ;$v1
=880  2\$6710-04$a韓國 地名 學會.
=CAT  \\$a11522$b40$c20081222$lBLL01$h1210
=CAT  \\$aBATCH-UPD$b40$c20081222$lBLL01$h1210
=CAT  \\$aBATCH-UPD$b40$c20100704$lBLL01$h2113
=CAT  \\$aW2308-1659$c20230923$lBLL01$h1133
=CAT  \\$aBATCH-UPD$b00$c20230926$lBLL01$h2236
=FMT  \\$a  BK
=LAS  \\$aBATCH-UPD$b00$c20230926$lBLL01$h2236
=SID  \\$aZ39$bOCLC

