=LDR  01788cam a22004937a 4500
=001  014863402
=003  Uk
=005  20081222122214.0
=008  071005s2007\\\\ko\a\\\\\b\\\\001\0\kor\\
=010  \\$a2007329992
=020  \\$a9788992881043
=035  \\$a(OCoLC)174504222
=040  \\$aDLC$cDLC
=043  \\$aa-kr---
=050  00$aTX726$b.Y96 2007
=100  1\$6880-01$aYun, Suk-cha.
=245  10$6880-02$aArŭmdaun uri sul /$cYun Suk-cha, Kwŏn Hŭi-ja.
=250  \\$6880-03$aCh'opan.
=260  \\$6880-04$aSŏul-si :$bChil Siru,$c2007.
=300  \\$a200 p. :$bcol. ill. ;$c26 cm.
=336  \\$atext$2rdacontent
=337  \\$aunmediated$2rdamedia
=338  \\$avolume$2rdacarrier
=500  \\$a"Han'guk Chŏntong Ŭmsik Yŏn'guso Yun Suk-cha sojang kwa muhyŏng munhwajae Kwŏn Hŭi-ja Sŏnsaeng ŭi chŏntongju chejo pipŏp"--Colophon.
=500  \\$aCover title.
=504  \\$aIncludes bibliographical references (p. 194) and index.
=650  \0$aCooking (Liquors)
=650  \0$aAlcoholic beverages$zKorea$xHistory.
=700  1\$6880-05$aKwŏn, Hŭi-ja.
=852  41$aBritish Library$bOC
=856  41$3Table of contents only$uhttp://www.loc.gov/catdir/toc/kor0801/2007329992.html
=880  1\$6100-01$a윤 숙자.
=880  10$6245-02$a아름다운 우리 술 /$c윤 숙자, 권 희자.
=880  \\$6250-03$a초판.
=880  \\$6260-04$a서울시 :$b질 시루,$c2007.
=880  1\$6700-05$a권 희자.
=CAT  \\$a11522$b40$c20081222$lBLL01$h1222
=CAT  \\$aBATCH-UPD$b40$c20081222$lBLL01$h1223
=CAT  \\$a9081$b40$c20110711$lBLL01$h1440
=CAT  \\$aBATCH-UPD$b40$c20200701$lBLL01$h2027
=CAT  \\$aW2308-1659$c20230923$lBLL01$h1133
=FMT  \\$a  BK
=LAS  \\$aW2308-1659$b00$c20230923$lBLL01$h1133
=SID  \\$aZ39$bOCLC

