=LDR  01667cam a22004817a 4500
=001  014863614
=003  Uk
=005  20081222153244.0
=008  070928s2007\\\\ko\a\\\\\b\\\\001\0\kor\\
=010  \\$a2007329955
=020  \\$a9788936308254
=020  \\$a8936308254
=035  \\$a(OCoLC)174112874
=040  \\$aDLC$cDLC$dOCLCG$dMUQ
=043  \\$aa-kr---
=050  00$aNA7453.6.A1$bH67 2007
=245  00$6880-01$aHan'guk chugŏ wa sam =$bLifestyle /$cYun Chŏng-suk ....[et al.].
=246  31$aLifestyle
=250  \\$6880-02$aCh'opan.
=260  \\$6880-03$aKyŏnggi-do P'aju-si :$bKyomunsa,$c2007.
=300  \\$a287 p. :$bill. ;$c23 cm.
=336  \\$atext$2rdacontent
=337  \\$aunmediated$2rdamedia
=338  \\$avolume$2rdacarrier
=504  \\$aIncludes bibliographical references and index.
=650  \0$aArchitecture, Domestic$zKorea.
=650  \0$aDwellings$zKorea.
=650  \6$aArchitecture domestique$zCorée.
=650  \6$aHabitations$zCorée.
=700  1\$6880-04$aYun, Chŏng-suk,$d1949-
=852  41$aBritish Library$bOC
=856  41$3Table of contents only$uhttp://www.loc.gov/catdir/toc/kor0801/2007329955.html
=880  00$6245-01$a한국 주거 와 삶 =$bLifestyle /$c윤 정숙 ... [et al.]
=880  \\$6250-02$a초판.
=880  \\$6260-03$a경기도 파주시 :$b교문사,$c2007.
=880  1\$6700-04$a윤 정숙,$d1949-
=CAT  \\$a11522$b40$c20081222$lBLL01$h1532
=CAT  \\$aBATCH-UPD$b40$c20081222$lBLL01$h1533
=CAT  \\$aW2308-1659$c20230923$lBLL01$h1133
=CAT  \\$aBATCH-UPD$b00$c20230926$lBLL01$h2236
=FMT  \\$a  BK
=LAS  \\$aBATCH-UPD$b00$c20230926$lBLL01$h2236
=SID  \\$aZ39$bOCLC

