=LDR  01603cam a22004577a 4500
=001  014868092
=003  Uk
=005  20090102120417.0
=008  080109s2007\\\\ko\ab\\\\b\\\\001\0\kor\\
=010  \\$a2008550201
=020  \\$a9788931005660
=020  \\$a8931005660
=035  \\$a(OCoLC)173154107
=040  \\$aDLC$cDLC$dHUH$dAU@
=043  \\$aa-kr---
=050  00$aNB1912.B83$bC462 2007
=100  1\$6880-01$aChŏng, Ŭn-u.
=245  10$6880-02$aKoryŏ hugi Pulgyo chogak yŏn'gu /$cChŏng Ŭn-u chŏ.
=250  \\$6880-03$aChe 1-p'an.
=260  \\$6880-04$aSŏul T'ŭkpyŏlsi :$bMunye Ch'ulpansa,$c2007.
=300  \\$a415 p. :$bill., maps ;$c23 cm.
=336  \\$atext$2rdacontent
=337  \\$aunmediated$2rdamedia
=338  \\$avolume$2rdacarrier
=504  \\$aIncludes bibliographical references (p. 403-408) and index.
=650  \0$aSculpture, Buddhist$zKorea.
=650  \0$aSculpture, Korean$yTo 1900.
=650  \0$aGods, Buddhist, in art.
=852  41$aBritish Library$bOC
=856  41$3Table of contents only$uhttp://www.loc.gov/catdir/toc/kor0801/2008550201.html
=880  1\$6100-01$a鄭 恩雨.
=880  10$6245-02$a高麗 後期 佛敎 彫刻 硏究 /$c鄭 恩雨 著.
=880  \\$6250-03$a제 1판.
=880  \\$6260-04$a서울 특별시 :$b문예 출판사,$c2007.
=CAT  \\$a11522$b40$c20090102$lBLL01$h1204
=CAT  \\$aBATCH-UPD$b40$c20090102$lBLL01$h1205
=CAT  \\$aW2308-1659$c20230923$lBLL01$h1134
=CAT  \\$aBATCH-UPD$b00$c20230926$lBLL01$h2241
=FMT  \\$a  BK
=LAS  \\$aBATCH-UPD$b00$c20230926$lBLL01$h2241
=SID  \\$aZ39$bOCLC

