=LDR  01699cam a22004817a 4500
=001  014868216
=003  Uk
=005  20090102164847.0
=008  080228s2007\\\\ko\ab\\\\b\\\\000\0\kor\\
=010  \\$a2008559277
=020  \\$a9788995695951
=020  \\$a8995695951
=035  \\$a(OCoLC)182883218
=040  \\$aDLC$cDLC
=043  \\$aa-kr---
=050  00$aDS907.18$b.Y357 2007
=100  1\$6880-01$aYang, T'ae-jin.
=245  10$6880-02$aUri nara yŏngto iyagi /$cYang T'ae-jin chiŭm.
=250  \\$6880-03$aKaejŏng chŭngbopan, Ch'opan.
=260  \\$6880-04$aSŏul T'ŭkpyŏlsi :$bYenaru,$c2007.
=300  \\$a340 p. :$bill., maps ;$c23 cm.
=336  \\$atext$2rdacontent
=337  \\$aunmediated$2rdamedia
=338  \\$avolume$2rdacarrier
=504  \\$aIncludes bibliographical references.
=650  \0$aTerritory, National$zKorea$xHistory.
=651  \0$aKorea$xHistory.
=651  \0$aKorea$xTerritories and possessions$xHistory.
=852  41$aBritish Library$bOC
=856  41$3Table of contents only$uhttp://www.loc.gov/catdir/toc/kor0801/2008559277.html
=880  1\$6100-01$a양 태진.
=880  10$6245-02$a우리 나라 영토 이야기 /$c양 태진 지음．
=880  \\$6250-03$a개정 증보판, 초판.
=880  \\$6260-04$a서울 특별시 :$b예나루,$c2007.
=880  \\$6500-00$a"개정증보판"--Cover.
=CAT  \\$a11522$b40$c20090102$lBLL01$h1648
=CAT  \\$aBATCH-UPD$b40$c20090213$lBLL01$h0505
=CAT  \\$aBATCH-UPD$b40$c20110128$lBLL01$h2105
=CAT  \\$aW2308-1659$c20230923$lBLL01$h1134
=CAT  \\$aBATCH-UPD$b00$c20230926$lBLL01$h2241
=FMT  \\$a  BK
=LAS  \\$aBATCH-UPD$b00$c20230926$lBLL01$h2241
=SID  \\$aZ39$bOCLC

