=LDR  02114cam a22005537a 4500
=001  014868674
=003  Uk
=005  20090105152721.0
=008  080407s2007\\\\ko\\\\\\\b\\\\001\0\kor\\
=010  \\$a2008559827
=020  \\$a9788990106506
=020  \\$a8990106508
=035  \\$a(OCoLC)222254308
=040  \\$aDLC$cDLC$dOCLCG$dCGU
=043  \\$aa-ko---
=050  00$aJQ1725$b.C4394 2007
=100  1\$6880-01$aCh'oe, Chang-jip.
=245  10$6880-02$aŎttŏn minjujuŭi in'ga :$bHan'guk minjujuŭi rŭl ponŭn hana ŭi sigak /$cCh'oe Chang-jip, Pak Ch'an-pyo, Pak Sang-hun.
=250  \\$6880-03$a1-p'an.
=260  \\$6880-04$aSŏul :$bHumanitasŭ,$c2007.
=300  \\$a334 p. ;$c21 cm.
=336  \\$atext$2rdacontent
=337  \\$aunmediated$2rdamedia
=338  \\$avolume$2rdacarrier
=490  0\$6880-05$aMinjujuŭi ch'ongsŏ ;$v06
=504  \\$aIncludes bibliographical references and index.
=650  \0$aDemocracy$zKorea (South)$xHistory.
=651  \0$aKorea (South)$xPolitics and government$y1988-2002.
=651  \0$aKorea (South)$xPolitics and government$y2002-
=700  1\$6880-06$aPak, Ch'an-p'yo,$d1961-
=700  1\$6880-07$aPak, Sang-hun,$d1965-
=852  41$aBritish Library$bOC
=856  41$3Table of contents only$uhttp://www.loc.gov/catdir/toc/kor0801/2008559827.html
=880  1\$6100-01$a최 장집.
=880  10$6245-02$a어떤 민주주의 인가 :$b한국 민주주의 를 보는 하나 의 시각 /$c최 장집, 박 찬표, 박 상훈.
=880  \\$6250-03$a1판.
=880  \\$6260-04$a서울 :$b후마니타스,$c2007.
=880  0\$6490-05$a민주주의 총서 ;$v06
=880  1\$6700-06$a박 찬표,$d1961-
=880  1\$6700-07$a박 상훈,$d1965-
=CAT  \\$a11522$b40$c20090105$lBLL01$h1527
=CAT  \\$aBATCH-UPD$b40$c20090105$lBLL01$h1528
=CAT  \\$aBATCH-UPD$b40$c20100318$lBLL01$h2219
=CAT  \\$aBATCH-UPD$b40$c20110810$lBLL01$h2135
=CAT  \\$aBATCH-UPD$b40$c20150813$lBLL01$h2033
=CAT  \\$aW2308-1659$c20230923$lBLL01$h1134
=FMT  \\$a  BK
=LAS  \\$aW2308-1659$b00$c20230923$lBLL01$h1134
=SID  \\$aZ39$bOCLC

