=LDR  01591cam a22004334a 4500
=001  014882567
=003  Uk
=005  20090812092104.0
=008  080107s2006\\\\ii\ab\\\\\\\\\000\0\eng\\
=010  \\$a  2007434962
=020  \\$a9798177694535
=020  \\$a8177694537
=025  \\$aI-E-2007-434962; 67-11
=035  \\$a(IN-NdUBS)UBS08000030
=037  \\$bLibrary of Congress -- New Delhi Overseas Office$cRs675.00
=040  \\$aDLC$cDLC$dDLC$dUk
=042  \\$aukblcatcopy
=043  \\$aa-np---
=050  00$aDS495.8.S23$bJ45 2006
=100  10$aJefferies, Margaret.
=245  10$aHighest heritage :$bthe Mount Everest region and Sagarmatha National Park : a definitive guide to the Sagarmatha National Park /$cby Margaret Jefferies.
=246  18$aMount Everest region and Sagarmatha National Park
=260  \\$aVaranasi :$bPilgrims Pub.,$cc2006.
=300  \\$axiv, 211 p. :$bill. (chiefly col.), col. map ;$c24 cm.
=336  \\$atext$2rdacontent
=337  \\$aunmediated$2rdamedia
=338  \\$avolume$2rdacarrier
=651  \0$aSagarmāthā National Park (Nepal)$vGuidebooks.
=651  \0$aEverest, Mount Region (China and Nepal)$vGuidebooks.
=852  41$aBritish Library$bOC
=856  41$3Table of contents$uhttp://www.loc.gov/catdir/toc/fy0804/2007434962.html
=CAT  \\$a11375$b40$c20090120$lBLL01$h0959
=CAT  \\$a11131$b40$c20090812$lBLL01$h0921
=CAT  \\$aBATCH-UPD$b40$c20180718$lBLL01$h1629
=CAT  \\$aW2308-1659$c20230923$lBLL01$h1134
=FIN  \\$aY$d20090812
=FMT  \\$a  BK
=LAS  \\$aW2308-1659$b00$c20230923$lBLL01$h1134
=SRC  \\$aBLL02

