=LDR  01943cam a22004574a 4500
=001  014882847
=003  Uk
=005  20090812112806.0
=008  070921s2007\\\\np\\\\\\\b\\\\100\0\eng\\
=010  \\$a  2007340570
=020  \\$a9789994625253
=025  \\$aN-E-2007-340570; 23
=037  \\$bLibrary of Congress -- New Delhi Overseas Office$cRs200.00
=040  \\$aDLC$cDLC$dDLC$dUk
=042  \\$aukblcatcopy
=043  \\$aa-np---
=050  00$aJZ5584.N35$bN485 2007
=245  00$aNepal in conflict :$btheoretical underpinnings, conflict resolution, conflict transformation, and peace-building /$ceditors, Kailash Pyakuryal, Kathryn March, Bipin Acharya.
=260  \\$aKathmandu :$bSociological/Anthropological Society of Nepal,$c2007.
=300  \\$avii, 198 p. ;$c23 cm.
=336  \\$atext$2rdacontent
=337  \\$aunmediated$2rdamedia
=338  \\$avolume$2rdacarrier
=500  \\$aContributed papers presented at the National Seminar on "The Role of Social Sciences in Conflict Management and Peace Building in Nepal", held in Kathmandu, Dec. 6-8, 2004.
=504  \\$aIncludes bibliographical references.
=650  \0$aPeace-building$zNepal$vCongresses.
=651  \0$aNepal$xHistory$yCivil War, 1996-2006$xSocial aspects$vCongresses.
=700  1\$aPyakuryal, Kailash N.
=700  1\$aMarch, Kathryn S.
=700  1\$aAcharya, Bipin.
=710  2\$aSociological and Anthropological Society of Nepal.
=711  2\$aNational Seminar on "The Role of Social Sciences in Conflict Management and Peace Building in Nepal"$d(2004 :$cKathmandu, Nepal)
=852  41$aBritish Library$bOC
=856  41$3Table of contents$uhttp://www.loc.gov/catdir/toc/fy0804/2007340570.html
=CAT  \\$a11375$b40$c20090120$lBLL01$h1351
=CAT  \\$a11131$b40$c20090812$lBLL01$h1128
=CAT  \\$aW2308-1659$c20230923$lBLL01$h1134
=FIN  \\$aY$d20090812
=FMT  \\$a  BK
=LAS  \\$aW2308-1659$b00$c20230923$lBLL01$h1134
=SRC  \\$aBLL02

