=LDR  01703aam a2200493 a 4500
=001  014937963
=003  Uk
=005  20100610212234.0
=008  090323s2009\\\\paua\\\\\b\\\\001\0\eng|d
=010  \\$a2008052573  
=015  \\$aGBA930932$2bnb
=016  7\$a014937963$2Uk
=020  \\$a9781605471372 (pbk.) :$c£54.00
=020  \\$a1605471372 (pbk.) :$c£54.00
=040  \\$aStDuBDS$beng$cStDuBDS$dUk
=042  \\$aukblsr
=082  00$a618.92$222
=245  04$aThe Cleveland Clinic intensive review of pediatrics /$cedited by Camille Sabella, Robert J. Cunningham III.
=250  \\$a3rd ed.
=260  \\$aPhiladelphia, Pa. ;$aLondon :$bLippincott Williams & Wilkins,$c2009.
=300  \\$axii, 583 p. :$bill. ;$c28 cm.
=336  \\$atext$2rdacontent
=337  \\$aunmediated$2rdamedia
=338  \\$avolume$2rdacarrier
=500  \\$aFormerly CIP.$5Uk
=504  \\$aIncludes bibliographical references and index.
=650  \0$aPediatrics.
=650  12$aPediatrics.
=700  1\$aSabella, Camille.
=700  1\$aCunningham, Robert J.,$cIII.
=710  2\$aCleveland Clinic Foundation.
=852  11$aBritish Library$bSTI$k(B)$h618.92
=852  11$aBritish Library$bSTI
=856  42$3Publisher description$uhttp://www.loc.gov/catdir/enhancements/fy1001/2008052573-d.html
=BUF  \\$aN$d20090710
=CAT  \\$aBATCH-CIPN$b00$c20090325$lBLL01$h0851
=CAT  \\$aBATCH$b00$c20090325$lBLL01$h0853
=CAT  \\$aBATCH$b00$c20090325$lBLL01$h0902
=CAT  \\$a10958$b40$c20090710$lBLL01$h1024
=CAT  \\$aBATCH-BUOC$b00$c20100610$lBLL01$h2122
=CAT  \\$aWR16_021$c20160624$lBLL01$h1811
=FIN  \\$aY$d20090710
=FMT  \\$a  BK
=LAS  \\$aWR16_021$b00$c20160624$lBLL01$h1811

