=LDR  02737 am a2200601 a 4500
=001  014941125
=003  Uk
=005  20091125164335.0
=008  080813s2008\\\\dcua\\\\\b\\\i000\0\eng\\
=010  \\$a2008035534
=015  \\$aGBA9B4700$2bnb
=016  7\$a014941125$2Uk
=020  \\$a9780821377437 (pbk.) :$cNo price
=020  \\$a9780821377444 (eISBN) :$cNo price
=035  \\$a(OCoLC)ocn244339581
=035  \\$a(OCoLC)244339581
=040  \\$aDNAL/DLC$cDLC$dYDXCP$dBTCTA$dCDX$dC#P$dBWX$dOCLCA$dCOO$dDLC$dUk
=042  \\$aukblcatcopy
=043  \\$aee-----$aac-----
=050  00$aGE190.E852$bI58 2008
=082  00$a338.1095$222
=245  00$aIntegrating environment into agriculture and forestry :$bprogress and prospects in Eastern Europe and Central Asia /$cWilliam R. Sutton ... [et al.].
=260  \\$aWashington, DC :$bWorld Bank,$cc2008.
=300  \\$axx, 67 p. :$bill. ;$c28 cm. +$e1 CD-ROM (4 3/4 in.)
=336  \\$atext$2rdacontent
=337  \\$aunmediated$2rdamedia
=338  \\$avolume$2rdacarrier
=500  \\$a"Europe and Central Asia Region Sustainable Development Department."
=504  \\$aIncludes bibliographical references (p. 65-67).
=505  0\$aIntegrating environment into agriculture and forestry -- Agriculture and forestry have major impacts on the environment -- Focusing on the East and on agriculture -- Improving awareness of sustainability issues in agriculture and forestry -- Building capacity for implementation -- Increasing incentives for implementation -- Building on success -- Meeting the challenges ahead.
=650  \0$aAgriculture and state$zAsia, Central.
=650  \0$aAgriculture and state$zEurope, Eastern.
=650  \0$aEnvironmental policy$zAsia, Central.
=650  \0$aEnvironmental policy$zEurope, Eastern.
=650  \0$aForest management$xEnvironmental aspects$zAsia, Central.
=650  \0$aForest management$xEnvironmental aspects$zEurope, Eastern.
=690  7\$aManagement and Business Studies$2blcoll
=700  1\$aSutton, William R.,$d1967-
=710  2\$aWorld Bank.
=710  2\$aWorld Bank.$bEurope and Central Asia Region.$bSustainable Development Department.
=852  41$aBritish Library$bHMNTS
=856  41$3Table of contents only$uhttp://www.loc.gov/catdir/toc/fy0904/2008035534.html
=985  \\$aRecord amended for WR# 13/070
=CAT  \\$a10876$b40$c20090327$lBLL01$h1058
=CAT  \\$a10876$b40$c20090327$lBLL01$h1100
=CAT  \\$a10883$b40$c20091125$lBLL01$h1643
=CAT  \\$aWR13_070$b00$c20130504$lBLL01$h0311
=CAT  \\$aWR16_021$c20160624$lBLL01$h1812
=CAT  \\$aBATCH-MBS$c20160701$lBLL01$h2102
=FIN  \\$aY$d20091125
=FMT  \\$a  BK
=LAS  \\$aBATCH-MBS$b00$c20160701$lBLL01$h2102
=SID  \\$aZ39$bLOC

