=LDR  02646 am a2200469 a 4500
=001  015171756
=003  Uk
=005  20091207163932.0
=008  070621s2006\\\\ti\a\\\\\b\\\i100\0\ara\\
=010  \\$a2007412251
=020  \\$a9789973152015
=020  \\$a9973152018
=035  \\$a(OCoLC)179499074
=035  \\$a(NjP)5271840
=040  \\$aDLC-R$cPUL$dUk
=042  \\$aukblderived
=043  \\$ama-----
=050  00$aLA1493$b.M886 2003
=111  2\$6880-03$aMuʼtamar lil-Wuzarāʼ al-Masʼūlīn ʻan al-Taʻlīm al-ʻĀlī wa-al-Baḥth al-ʻIlmī fī al-Waṭan al-ʻArabī$n(9th :$d2003 :$cDamascus, Syria)
=245  13$6880-01$aal-Taʻlīm al-ʻālī wa-al-baḥth al-ʻilmī fī mujtamaʻ al-maʻrifah :$bwaqāʼiʻ al-Muʼtamar al-Tāsiʻ lil-Wuzarāʼ al-Masʼūlīn ʻan al-Taʻlīm al-ʻĀlī wa-al-Baḥth al-ʻIlmī fī al-Waṭan al-ʻArabī : Dimashq 15-18 Kānūn al-Awwal, Dīsimbir 2003.
=260  \\$6880-02$aTūnis :$bal-Munaẓẓamah al-ʻArabīyah lil-Tarbiyah wa-al-Thaqāfah wa-al-ʻUlūm, Idārat al-Tarbiyah,$c2006.
=300  \\$a648 p. :$bill. ;$c24 cm.
=336  \\$atext$2rdacontent
=337  \\$aunmediated$2rdamedia
=338  \\$avolume$2rdacarrier
=504  \\$aIncludes bibliographical references.
=520  \\$aEducation, Higher; research; Arab countires; congresses.
=650  \0$aEducation, Higher$zArab countries$vCongresses.
=650  \0$aResearch$zArab countries$vCongresses.
=710  2\$aArab League Educational, Cultural, and Scientific Organization.$bIdārat al-Tarbiyah.
=852  41$aBritish Library$bOC
=856  41$3Table of contents only$uhttp://www.loc.gov/catdir/toc/mena0801/2007412251.html
=880  2\$6111-03//r$aمؤتمر للوزراء المسؤولين عن التعليم العالي والبحث العلمي في الوطن العربي$n(9th :$d2003 :$cدمشق، سورية)
=880  12$6245-01//r$aالتعليم العالي والبحث العلمي في مجتمع المعرفة :$bوقائع المؤتمر التاسع للوزراء المسؤولين عن التعليم العالي والبحث العلمي في الوطن العربي : دمشق 15-18 كانون الأول، ديسمبر 2003.
=880  \\$6260-02//r$aتونس :$bالمنظمة العربية للتربية والثقافة والعلوم، إدارة التربية،$c2006.
=985  \\$aUpgraded for WR 09/185
=CAT  \\$aBATCH-UPGR$b00$c20100225$lBLL01$h1208
=CAT  \\$aBATCH$b00$c20100225$lBLL01$h1209
=FIN  \\$aY$d20100225
=FMT  \\$a  BK
=LAS  \\$aBATCH$b00$c20100225$lBLL01$h1209
=SRC  \\$aBackstage$bd091130p.mrc

