=LDR  00991cam a22002897i 4500
=001  020993701
=003  Uk
=005  20230317123555.0
=008  201126s2019\\\\rm\\\\\\\\\\\\000\0\rum\d
=020  \\$a9789730304145$q(br)
=020  \\$a9730304149
=035  \\$a(OCoLC)1347093230
=040  \\$aBDF$bfre$cBDF$encafnor
=082  14$a778.925$223
=100  1\$aBarbir, Alin,$d1981-....$4aut$0(FrPBN)18034291$0(isni)0000000508206588
=245  10$aIda /$cAlin Barbir.
=260  \\$aCluj-Napoca :$b[s.n. ],$c2019.
=300  \\$a1 vol. ([100] p.) :$btout en ill. ;$c26 cm.
=650  \7$0(FrPBN)11975811$aNourrissons.$2ram
=852  \\$aBritish Library$bHMNTS
=856  42$3Bibliothèque Nationale de France catalog record and holdings$uhttp://catalogue.bnf.fr/ark:/12148/cb466575202
=886  1\$2intermrc$a009$ba d
=CAT  \\$a16245$b40$c20230317$lBLL01$h1235
=CAT  \\$aW2308-1659$c20230923$lBLL01$h1142
=FMT  \\$a  BK
=LAS  \\$aW2308-1659$b00$c20230923$lBLL01$h1142
=SID  \\$aZ39$bOCLC

