=LDR  01447cam a2200433 i 4500
=001  021183689
=003  Uk
=005  20230823095512.0
=008  070319s2005\\\\it\\\\\\\\\\\\000\1\ita\d
=010  \\$a  2007356817
=020  \\$a8806170198
=020  \\$a9788806170196
=035  \\$a(OCoLC)70200529
=040  \\$aItFiC$beng$cDLC$dC3L$dDKC$dOCLCQ$dZCU$dQGK$dOCLCQ$dOCLCA$dOCLCO$dPUL$dOCLCF$dUk$erda
=042  \\$aukblsr
=043  \\$ae-it---$aed-----
=045  \\$ax4x-
=050  00$aPQ4922.O77$bP34 2005
=082  04$a853$221
=100  1\$aVorpsi, Ornela,$eauthor.
=245  13$aIl paese dove non si muore mai /$cOrnela Vorpsi.
=264  \1$aTorino :$bEinaudi,$c2005.
=300  \\$a111 pages ;$c19 cm.
=336  \\$atext$btxt$2rdacontent
=337  \\$aunmediated$bn$2rdamedia
=338  \\$avolume$bnc$2rdacarrier
=490  1\$aL'arcipelago Einaudi ;$v79
=655  \7$aFiction.$2fast$0(OCoLC)fst01423787
=655  \7$aFiction.$2lcgft$0http://id.loc.gov/authorities/genreForms/gf2014026339
=830  \0$aArcipelago Einaudi ;$v79.
=852  41$aBritish Library$bHMNTS
=856  41$3Table of contents$uhttp://catdir.loc.gov/catdir/toc/casalini05/05914619.pdf
=856  42$3TOC$uhttp://www.ilibri.casalini.it/toc/05914619.pdf
=CAT  \\$a10039$b40$c20230822$lBLL01$h1421
=CAT  \\$a10039$b40$c20230823$lBLL01$h0955
=FIN  \\$aY$d20230822
=FMT  \\$a  BK
=LAS  \\$a10039$b40$c20230823$lBLL01$h0955
=SID  \\$aZ39$bOCLC

