=LDR  03168cam a2200649 i 4500
=001  021228821
=003  Uk
=005  20231012161221.0
=008  230929s2023\\\\ru\c\\\\\b\\\\001\0\rus\d
=020  \\$a9785917914701 (set)$qhardback
=020  \\$a5917914702 (set)$qhardback
=020  \\$a9785917914718 (v. 1)$qhardback
=020  \\$a5917914710 (v. 1)$qhardback
=020  \\$a9785917914725 (v. 2)$qhardback
=020  \\$a5917914729 (v. 2)$qhardback
=040  \\$aNYP$beng$cNYP$dNYP$dUk$erda
=042  \\$aukblsr
=100  1\$aGrosul, V. I︠A︡.$q(Vladislav I︠A︡kimovich),$eauthor.
=245  10$6880-01$aRossiĭskoe revoli︠u︡t︠s︡ionnoe dvizhenie vo vtoroĭ polovine XIX veka /$cV.I︠A︡. Grosul.
=264  \1$6880-02$aMoskva :$bKvadriga,$c2023.
=300  \\$a2 volumes :$bportraits (black and white) ;$c23 cm.
=336  \\$atext$2rdacontent
=337  \\$aunmediated$2rdamedia
=338  \\$avolume$2rdacarrier
=490  1\$aIstoricheskie biografii
=500  \\$aPreliminary page: Institut rossiĭskoĭ istorii Rossiĭskoĭ akademii nauk.
=504  \\$aIncludes bibliographical references and indexes.
=505  0\$at.1. Revoli︠u︡t︠s︡ionnoe dvizhenie v Rossii k seredine 50-kh gg. ; Podʺem serediny 50-kh - nachala 60-kh gg. ; 60-e - nachalo 70-kh gg. ; Ėpokha massovogo "khozhdenii︠a︡ v narod" -- t.2. Novyĭ podʺem kont︠s︡a 70-kh - nachala 80-kh gg. ; Ispytanii︠a︡ 80-kh gg. ; Dvizhenie 90-kh.
=648  \7$a1800-1899$2fast
=650  \0$aRevolutionaries$zRussia$xHistory$y19th century.
=650  \0$aSocial movements$zRussia$xHistory$y19th century.
=650  \0$aLiberalism$zRussia$xHistory$y19th century.
=650  \0$aRadicalism$zRussia$xHistory$y19th century.
=650  \7$aRevolutionaries.$2fast$0(OCoLC)fst01096578
=650  \7$aRevolutions.$2fast$0(OCoLC)fst01096737
=650  \7$aSocial movements.$2fast$0(OCoLC)fst01122657
=650  \7$aLiberalism.$2fast$0(OCoLC)fst00997183
=650  \7$aRadicalism.$2fast$0(OCoLC)fst01087015
=651  \0$aRussia$xHistory$yAlexander II, 1855-1881.
=651  \0$aRussia$xHistory$yAlexander III, 1881-1894.
=651  \7$aRussia.$2fast$0(OCoLC)fst01207312
=655  \7$aHistory.$2fast$0(OCoLC)fst01411628
=710  2\$aRossiĭskai︠a︡ akademii︠a︡ nauk,$eissuing body.
=710  2\$aInstitut rossiĭskoĭ istorii (Rossiĭskai︠a︡ akademii︠a︡ nauk),$eissuing body.
=830  \0$aIstoricheskie issledovanii︠a︡ (Kvadriga)
=852  \\$aBritish Library$bHMNTS
=856  40$3East View, v. 1$uhttps://dlib.eastview.com/browse/book/359069
=856  40$3East View, v. 2$uhttps://dlib.eastview.com/browse/book/359070
=880  0\$6245-01$aРоссийское революционное движение во второй половине XIX века /$cВ.Я. Гросул.
=880  0\$6264-02$aМосква :$bКвадрига,$c2023.
=CAT  \\$a16091$b40$c20230929$lBLL01$h1412
=CAT  \\$a16091$b40$c20230929$lBLL01$h1418
=CAT  \\$a11853$b40$c20231010$lBLL01$h1809
=CAT  \\$a11853$b40$c20231012$lBLL01$h1612
=FIN  \\$aY$d20231012
=FMT  \\$a  BK
=LAS  \\$a11853$b40$c20231012$lBLL01$h1612

