=LDR  02454cam a2200493 i 4500
=001  021238219
=003  Uk
=005  20231017184310.0
=008  231005s2023\\\\ru\a\\\\\b\\\\000\0\rus\d
=020  \\$a9785916787948$qhardback
=020  \\$a5916787944$qhardback
=040  \\$aUk$beng$cUk$erda
=041  1\$arus$hchu
=042  \\$aukblsr
=100  1\$aPliguzov, A. I.,$eauthor,$eeditor,$ewriter of introduction,$etranslator.
=245  10$6880-01$aKulikovskai︠a︡ bitva glazami sovremennikov i blizhaĭshikh potomkov /$cvstupitelʹnai︠a︡ statʹi︠a︡, sostavlenie, perevody drevnerusskikh tekstov i primechanii︠a︡ A.I. Pliguzova.
=264  \1$6880-02$aMoskva :$bLomonosovʺ,$c2023.
=300  \\$a193 pages :$billustrations (black and white) ;$c22 cm.
=336  \\$atext$2rdacontent
=337  \\$aunmediated$2rdamedia
=338  \\$avolume$2rdacarrier
=490  1\$aIstorii︠a︡, geografii︠a︡, ėtnografii︠a︡
=504  \\$aIncludes bibliographical references.
=546  \\$aSome text translated from Church Slavic.
=600  07$aDmitriĭ Ivanovich,$cGrand Duke of Vladimir and Moscow,$d1350-1389$2fast$0(OCoLC)fst00092018
=600  07$aMamaĭ,$d-1380$2fast$0(OCoLC)fst01832569
=647  \7$aBattle of Kulikovo$c(Russia :$d1380)$0(OCoLC)fst00989290$2fast
=651  \7$aRussia (Federation)$zKulikovo Pole.$2fast$0(OCoLC)fst01224234
=651  \7$aRussia.$2fast$0(OCoLC)fst01207312
=651  \7$aEurope$zGolden Horde.$2fast$0(OCoLC)fst01302364
=655  \7$aMilitary history.$2fast$0(OCoLC)fst01411630
=655  \7$aSources.$2fast$0(OCoLC)fst01423900
=830  \0$aIstorii︠a︡, geografii︠a︡, ėtnografii︠a︡.
=852  \\$aBritish Library$bHMNTS
=856  40$3East View Information Services$uhttps://dlib.eastview.com/browse/book/382711
=880  0\$6245-01$aКуликовская битва глазами современников и ближайших потомков /$cвступительная статья, составление, переводы древнерусских текстов и примечания A.И. Плигузова.
=880  0\$6264-02$aМосква :$bЛомоносовъ,$c2023.
=CAT  \\$a16091$b40$c20231005$lBLL01$h1802
=CAT  \\$a16091$b40$c20231005$lBLL01$h1802
=CAT  \\$a11853$b40$c20231017$lBLL01$h1842
=CAT  \\$a11853$b40$c20231017$lBLL01$h1843
=FIN  \\$aY$d20231017
=FMT  \\$a  BK
=LAS  \\$a11853$b40$c20231017$lBLL01$h1843

