=LDR  01862 as a2200469 a 4500
=001  012454320
=003  Uk
=005  20051228120826.0
=007  c|||||
=008  030602c199u9999xxu|||p|s|\\\\0\\\|0rus\\
=019  1\$abld00L1383
=040  \\$aUk$cUk$dUk
=082  04$a016.78026605$221
=245  00$aSchwann online$h[electronic resource].
=260  \\$a[United States] ;$aSchwann.
=336  \\$atext$2rdacontent
=337  \\$acomputer$2rdamedia
=500  \\$aTitle from search screen (viewed on 15 Apr., 2003)
=520  \\$aIncludes all current classical recording data of the U.S. publication Schwann Opus, and the rock, jazz, new age and world music data of Schwann Spectrum. It also includes the last five years of catalaogue information on titles that have been deleted.
=530  \\$aInformation also available in printed form as: Schwann opus and Schwann spectrum.
=538  \\$aMode of access: World Wide Web.
=650  \0$aMusic$vDiscography$vCatalogs$vPeriodicals.
=650  \0$aPopular music$vDiscography$vCatalogs$vPeriodicals.
=650  \0$aJazz$vDiscography$vCatalogs$vPeriodicals.
=650  \0$aSound recordings$vCatalogs$vPeriodicals.
=730  0\$aSchwann opus,$x1066-2138.
=730  0\$aSchwann spectrum,$x1065-9161.
=852  41$aBritish Library$bHMNTS
=856  40$uhttp://www.schwann.com/online/main.html.$zFor subscribers only; BL Reading Room access
=957  \\$a030415p
=985  \\$aRecord merged by DQ team
=CAT  \\$aCONV$b00$c20040425$lBLL90$h0720
=CAT  \\$aCONV$b00$c20040502$lBLL01$h1509
=CAT  \\$a6550$b40$c20051228$lBLL01$h1208
=CAT  \\$aWR14_140$c20140905$lBLL01$h1800
=FIN  \\$aY
=FMT  \\$a  SE
=LAS  \\$aWR14_140$b00$c20140905$lBLL01$h1800
=LEO  \\$aMP13.0000122037
=SRC  \\$aDSS02$bbibh.200404.2.aa
=SRC  \\$aHSS01$bbibmp13.200404.2.aa
=TCO  \\$aTRS$bCCC$c008

