=LDR  01375cam a22004097a 4500
=001  012973774
=003  Uk
=005  20111025164751.0
=008  001228s1998\\\\be\\\\\\\b\\\\000\0\eng\d
=040  \\$aCGU$cCGU$dOCLCQ$dUk
=100  1\$aLinard, André.
=245  10$aMigration and globalisation :$bthe new slaves /$cby André Linard.
=260  \\$aBrussels :$bICFTU,$c1998.
=300  \\$a20 p. ;$c28.cm.
=336  \\$atext$2rdacontent
=337  \\$aunmediated$2rdamedia
=338  \\$avolume$2rdacarrier
=500  \\$a"July 1998."
=500  \\$aCaption title.
=500  \\$aPrintout of web document.
=504  \\$aIncludes bibliographical references.
=530  \\$aAlso available on the Internet.
=650  \0$aEmigration and immigration$xEconomic aspects.
=650  \0$aForeign workers.
=650  \0$aLabor unions.
=710  2\$aInternational Confederation of Free Trade Unions.
=852  41$aBritish Library$bDSC
=856  41$uhttp://www.icftu.org/displaydocument.asp?Index=990916306$zOnline version:
=CAT  \\$a4861$b40$c20040820$lBLL01$h0830
=CAT  \\$a11002$b40$c20050425$lBLL01$h1337
=CAT  \\$a9572$b40$c20111025$lBLL01$h1647
=CAT  \\$aBATCH-UPD$b40$c20211201$lBLL01$h1755
=CAT  \\$aW2308-1659$c20230923$lBLL01$h0907
=FIN  \\$aY$d20050425
=FMT  \\$a  BK
=LAS  \\$aW2308-1659$b00$c20230923$lBLL01$h0907
=SID  \\$aZ39$bOCLC

