=LDR  02027cam a2200577 a 4500
=001  011614130
=003  Uk
=005  20220331221039.0
=008  040119s2003\\\\enka\\\||\\\\\001\||eng\\
=010  \\$a2003041132
=015  \\$aGBA407401$2bnb
=019  y\$abA407401
=019  9\$a0471273058
=019  0\$as692946004
=020  \\$a0471273058 :$c£111.00
=039  0\$a2776
=040  \\$aDLC$cDLC$dUk
=082  04$a621.3813$222
=100  1\$aMunk, Ben$q(Benedikt A.)
=245  10$aFinite antenna arrays and FSS /$cBen A. Munk.
=260  \\$a[Piscataway, N.J.?] :$bIEEE Press ;$a[Chichester] :$bWiley-Interscience,$cc2003.
=300  \\$axxix, 357 p. :$bill. ;$c25 cm.
=336  \\$atext$2rdacontent
=337  \\$aunmediated$2rdamedia
=338  \\$avolume$2rdacarrier
=504  \\$aIncludes bibliographical references and index.
=540  \\$aCurrent Copyright Fee: GBP32.00$c0$5Uk
=597  \\$aEnhanced$bSRIS DDC
=650  \0$aMicrowave antennas.
=650  \0$aAntenna arrays.
=650  \0$aFrequency selective surfaces.
=852  41$aBritish Library$bDSC
=852  11$aBritish Library$bSTI$k(B)$h621.3813
=856  42$uhttp://www.loc.gov/catdir/description/wiley039/2003041132.html$zPublisher description
=856  41$uhttp://www.loc.gov/catdir/toc/wiley031/2003041132.html$zTable of contents
=886  2\$2ukmarc$a900$b10$aMunk$hBenedikt A.$xSee$aMunk, Ben (Benedikt A.)$z100
=957  \\$a040107c
=CAT  \\$aCONV$b00$c20040425$lBLL90$h0534
=CAT  \\$aCONV$b00$c20040502$lBLL01$h1441
=CAT  \\$aBATCH$b00$c20091122$lBLL01$h1850
=CAT  \\$aBATCH-UPD$b00$c20160926$lBLL01$h1411
=CAT  \\$aBATCH-CLAB$c20220330$lBLL01$h1759
=CAT  \\$aIPL-CLA$c20220331$lBLL01$h2210
=CFI  0\$aCurrent Copyright Fee: GBP32.00$c0$e01-apr-2022$fGBP32.00$g0$hC$5Uk
=FIN  \\$aY
=FMT  \\$a  BK
=LAS  \\$aIPL-CLA$b00$c20220331$lBLL01$h2210
=LEO  \\$aMP5.0000157856
=LEO  \\$aMP25.0000369675
=SRC  \\$aBNB03$bbibmp5.200404.2.aa
=SRC  \\$aSRI01$bbibmp25.200404.2.aa

