=LDR  02509cam a2200685 a 4500
=001  011620277
=003  Uk
=005  20220331221104.0
=008  030616s2003\\\\enka\\\||\\\\\001\||eng\\
=010  \\$a2001052859
=015  \\$aGBA342871$2bnb
=019  y\$abA342871
=019  9\$a0521815274
=019  g\$aadv5005498362
=019  0\$as686787005
=020  \\$a0521815274 :$c£35.00
=039  0\$a2746
=040  \\$aDLC$cDLC$dUk
=082  04$a620.00284$221
=100  10$aDerenzo, Stephen E.
=245  10$aPractical interfacing in the laboratory :$busing a PC for instrumentation, data analysis, and control /$cStephen E. Derenzo.
=250  \\$a[Rev. ed.]
=260  \\$aCambridge :$bCambridge University Press,$c2003.
=300  \\$axvii, 610 p. :$bill. ;$c26 cm.
=336  \\$atext$2rdacontent
=337  \\$aunmediated$2rdamedia
=338  \\$avolume$2rdacarrier
=500  \\$aPrevious ed. published as: Interfacing. London : Prentice Hall, 1990.
=504  \\$aIncludes bibliographical references and index.
=540  \\$aCurrent Copyright Fee: GBP25.00$c0$5Uk
=650  \0$aComputer interfaces.
=650  \0$aMicrocomputers.
=650  \0$aAutomatic data collection systems.
=650  \0$aComputer interfaces$vLaboratory manuals.
=650  \0$aMicrocomputers$vLaboratory manuals.
=650  \0$aAutomatic data collection systems$vLaboratory manuals.
=700  1\$aDerenzo, Stephen E.$tInterfacing.
=852  41$aBritish Library$bDSC
=852  11$aBritish Library$bSTI$k(B)$h620.002
=856  42$uhttp://www.loc.gov/catdir/description/cam022/2001052859.html$zPublisher description
=856  41$uhttp://www.loc.gov/catdir/toc/cam027/2001052859.html$zTable of contents
=957  \\$a030605c
=CAT  \\$aCONV$b00$c20040425$lBLL90$h0535
=CAT  \\$aCONV$b00$c20040502$lBLL01$h1441
=CAT  \\$aBATCH$b00$c20091122$lBLL01$h1852
=CAT  \\$aBATCH$b00$c20091210$lBLL01$h0532
=CAT  \\$aBATCH$b00$c20091214$lBLL01$h0738
=CAT  \\$aBATCH$b00$c20091216$lBLL01$h0200
=CAT  \\$aBATCH-CLAB$c20220330$lBLL01$h1756
=CAT  \\$aBATCH-UPD$b00$c20220331$lBLL01$h1321
=CAT  \\$aIPL-CLA$c20220331$lBLL01$h2211
=CFI  0\$aCurrent Copyright Fee: GBP25.00$c0$e01-apr-2022$fGBP25.00$g0$hC$5Uk
=FIN  \\$aY
=FMT  \\$a  BK
=LAS  \\$aIPL-CLA$b00$c20220331$lBLL01$h2211
=LEO  \\$aMP5.0000168991
=LEO  \\$aMP25.0000364446
=SRC  \\$aBNB03$bbibmp5.200404.2.aa
=SRC  \\$aMOP01$bbibm1.200404.2.aa
=SRC  \\$aSRI01$bbibmp25.200404.2.aa

