=LDR  01918cam a2200577 a 4500
=001  012270883
=003  Uk
=005  20220331221837.0
=008  030811s2002\\\\enka\\\||\\\\\001\||eng\\
=010  \\$a2002022135
=015  \\$aGBA356979$2bnb
=019  y\$abA356979
=019  9\$a0632057580
=019  0\$as688121004
=020  \\$a0632057580 :$c£49.50
=039  0\$a2754
=040  \\$aDLC$cDLC$dUk
=082  04$a579.362$221
=084  \\$aDC 98(B1)$2blsrissc
=245  00$aApplications and systematics of bacillus and relatives /$cedited by Roger Berkeley ... [et al.].
=260  \\$aMalden, Mass. ;$aOxford :$bBlackwell Pub.,$c2002.
=300  \\$axi, 317 p. :$bill. ;$c25 cm.
=336  \\$atext$2rdacontent
=337  \\$aunmediated$2rdamedia
=338  \\$avolume$2rdacarrier
=504  \\$aIncludes bibliographical references and index.
=540  \\$aCurrent Copyright Fee: GBP32.00$c0$5Uk
=597  \\$aEnhanced$bSRIS DDC
=650  \0$aBacillus (Bacteria)
=700  1\$aBerkeley, R. C. W.
=852  41$aBritish Library$bDSC
=852  71$aBritish Library$bSTI$k(B)$hDC 98$m(B1)$2blsrissc
=856  41$uhttp://www.loc.gov/catdir/toc/fy034/2002022135.html$zTable of contents
=957  \\$a030731c
=957  \\$r4/8/03$tM/35497-36
=CAT  \\$aCONV$b00$c20040425$lBLL90$h0535
=CAT  \\$aCONV$b00$c20040502$lBLL01$h1504
=CAT  \\$aBATCH$b00$c20091123$lBLL01$h0114
=CAT  \\$aBATCH-CLAB$c20220330$lBLL01$h1814
=CAT  \\$aBATCH-UPD$b00$c20220331$lBLL01$h1603
=CAT  \\$aIPL-CLA$c20220331$lBLL01$h2218
=CFI  0\$aCurrent Copyright Fee: GBP32.00$c0$e01-apr-2022$fGBP32.00$g0$hC$5Uk
=FIN  \\$aY
=FMT  \\$a  BK
=LAS  \\$aIPL-CLA$b00$c20220331$lBLL01$h2218
=LDO  \\$aCIP$bhbk
=LEO  \\$aMP5.0000183386
=LEO  \\$aMP25.0000365666
=SRC  \\$aBNB03$bbibmp5.200404.2.aa
=SRC  \\$aSRI01$bbibmp25.200404.2.aa
=SRC  \\$aLDS01$bbiblm.200404.2.aa

