=LDR  02471cam a22006613u 4500
=001  012386427
=003  Uk
=005  20230331163711.0
=008  001113s2000\\\\xxu\\\\||b\\\\001\||eng\|
=019  g\$aadv5005460705
=019  a\$aG07695576
=020  \\$a0691057095 (hardcover)
=020  \\$a0691057109 (pbk.)
=040  \\$aDLC$cDLC$dDLC$dUk
=050  00$aQ175
=100  1\$aBird, Alexander,$d1964-
=245  10$aThomas Kuhn /$cAlexander Bird.
=260  \\$aPrinceton, N.J. :$bPrinceton University Press,$cc2000.
=300  \\$axii, 308 p. ;$c23 cm.
=336  \\$atext$2rdacontent
=337  \\$aunmediated$2rdamedia
=338  \\$avolume$2rdacarrier
=490  1\$aPhilosophy now
=504  \\$aIncludes bibliographical references (p. 300-303) and index.
=540  \\$aCurrent Copyright Fee: GBP57.20$c0$5Uk
=600  14$aKuhn, Thomas S.
=650  \0$aScience$xPhilosophy.
=830  \0$aPhilosophy now (Princeton, N.J.)
=852  41$aBritish Library$bDSC
=856  42$uhttp://www.loc.gov/catdir/description/prin021/00110976.html$zPublisher description
=886  2\$2blmarc$a010$b00$a00110976
=966  \\$uo$lACQUIS 06/04/2004
=ACF  \\$aPrevious Copyright Fee: GBP51.60$c0$e01-apr-2022$fGBP51.60$g0$hC$5Uk
=ACF  \\$aPrevious Copyright Fee: GBP57.00$c0$e01-oct-2022$fGBP57.00$g0$hC$5Uk
=CAT  \\$aCONV$b00$c20040425$lBLL90$h0654
=CAT  \\$aCONV$b00$c20040502$lBLL01$h1507
=CAT  \\$aglobal_upd$b40$c20060417$lBLL01$h1449
=CAT  \\$aBATCH$b00$c20091210$lBLL01$h2309
=CAT  \\$aBATCH$b00$c20091214$lBLL01$h0835
=CAT  \\$aBATCH$b00$c20091216$lBLL01$h0211
=CAT  \\$aBATCH-UPD$b00$c20141219$lBLL01$h0533
=CAT  \\$aBATCH-UPD$b00$c20180712$lBLL01$h2044
=CAT  \\$aBATCH-UPD$b00$c20190210$lBLL01$h2046
=CAT  \\$aBATCH-CLAB$c20220330$lBLL01$h1809
=CAT  \\$aIPL-CLA$c20220331$lBLL01$h2220
=CAT  \\$aBATCH-CLAB$c20220908$lBLL01$h1343
=CAT  \\$aIPL-CLA$c20220930$lBLL01$h1554
=CAT  \\$aBATCH-CLAB$c20221217$lBLL01$h1800
=CAT  \\$aIPL-CLA$c20221231$lBLL01$h2040
=CAT  \\$aBATCH-CLAB$c20230324$lBLL01$h1421
=CAT  \\$aIPL-CLA$c20230331$lBLL01$h1637
=CFI  0\$aCurrent Copyright Fee: GBP57.20$c0$e01-apr-2023$fGBP57.20$g0$hC$5Uk
=CFI  2\$aPrevious Copyright Fee: GBP62.00$c0$e01-jan-2023$fGBP62.00$g0$hC$5Uk
=FIN  \\$aY
=FMT  \\$a  BK
=LAS  \\$aIPL-CLA$b00$c20230331$lBLL01$h1637
=LEO  \\$aMP8.0001820836
=SRC  \\$aDSC01$bbibmp8.200404.2.ac

