=LDR  01824 as a2200481ua 4500
=001  009918059
=003  Uk
=005  20140905173900.0
=007  c|||||
=008  030609c199u9999enkdr|p|s|c\\\0\\\|0eng\\
=015  \\$aGBA329710$2bnb
=019  y\$abA329710
=019  9\$abA329710
=019  1\$abA329710
=039  0\$a2782
=040  \\$aUk$cUk
=082  04$a017.105$221
=245  00$aRLG union catalog$h[electronic resource].
=260  \\$a[United States ;$aGreat Britain] :$bResearch Libraries Group.
=310  \\$aUpdated daily
=336  \\$atext$2rdacontent
=337  \\$acomputer$2rdamedia
=500  \\$aTitle from search screen (viewed on 14 Apr., 2003)
=520  \\$aInternational database containing catalogue records for items held in major research, academic, national and specialist libraries world-wide. Materials described include books, journals, ephemera, manuscripts, maps, music scores, sound recordings, photographs, film and electronic resources.
=538  \\$aMode of access: World Wide Web.
=650  \0$aUnion catalogs$vDatabases.
=710  2\$aResearch Libraries Group.
=852  41$aBritish Library$bHMNTS
=856  40$uhttp://eureka.rlg.ac.uk$zFor subscribers only, requires account and password; BL Reading Room access
=886  2\$2ukmarc$a910$b20$aRLG$xSee$aResearch Libraries Group$z710
=CAT  \\$aCONV$b00$c20040425$lBLL90$h0723
=CAT  \\$aCONV$b00$c20040502$lBLL01$h1343
=CAT  \\$a11249$b40$c20090603$lBLL01$h1425
=CAT  \\$aBATCH$b00$c20091122$lBLL01$h1301
=CAT  \\$aWR14_140$c20140905$lBLL01$h1739
=FIN  \\$aY
=FMT  \\$a  SE
=LAS  \\$aWR14_140$b00$c20140905$lBLL01$h1739
=LEO  \\$aMP5.0000021072
=LEO  \\$aMP13.0000237031
=SRC  \\$aBNB03$bbibmp5.200404.2.aa
=SRC  \\$aHSS01$bbibmp13.200404.2.aa
=TCO  \\$aCLA$bCLA$c008

