=LDR  01763 am a2200481 a 4500
=001  009064775
=003  Uk
=005  20180622202200.0
=008  040322s2004\\\\enk\\\\||\\\\\001\||eng\\
=010  \\$a2003012215
=015  \\$aGBA424036$2bnb
=019  y\$abA424036
=019  9\$a0787964735
=020  \\$a0787964735 :$c£23.50
=039  0\$a2785
=040  \\$aDLC$cDLC$dUk
=082  04$a370.115$222
=100  10$aVella, Jane Kathryn,$d1931-
=245  10$aDialogue education at work :$ba case book /$cJane Vella and associates ; foreword by Margaret Wheatley.
=260  \\$aSan Francisco, Calif. ;$a[Great Britain] :$bJossey-Bass,$cc2004.
=300  \\$axxviii, 339 p. ;$c24 cm.
=336  \\$atext$2rdacontent
=337  \\$aunmediated$2rdamedia
=338  \\$avolume$2rdacarrier
=490  1\$aThe Jossey-Bass higher and adult education series
=504  \\$aIncludes bibliographical references and index.
=650  \0$aPopular education$vCase studies.
=650  \0$aAdult learning$vCase studies.
=650  \0$aAdult education teachers$xTraining of$vCase studies.
=830  \4$aThe Jossey-Bass higher and adult education series
=852  \\$aBritish Library$bHMNTS
=856  41$uhttp://www.loc.gov/catdir/toc/ecip044/2003012215.html$zTable of contents
=856  42$uhttp://www.loc.gov/catdir/description/wiley038/2003012215.html$zPublisher description
=CAT  \\$aCONV$b00$c20040425$lBLL90$h0537
=CAT  \\$aCONV$b00$c20040502$lBLL01$h1314
=CAT  \\$aBATCH$b00$c20091122$lBLL01$h0959
=CAT  \\$aBATCH$b00$c20091217$lBLL01$h0035
=CAT  \\$aBATCH-UPD$b00$c20180622$lBLL01$h2022
=FIN  \\$aY
=FMT  \\$a  BK
=LAS  \\$aBATCH-UPD$b00$c20180622$lBLL01$h2022
=LEO  \\$aMP5.0000271750
=SRC  \\$aBNB03$bbibmp5.200404.2.aa

