=LDR  01813cam a22005173u 4500
=001  007832807
=003  Uk
=005  20220331212545.0
=008  030811s2003\\\\gw\a\\\||b\\\\001\||eng\|
=019  g\$aadv5005450335
=019  a\$aG07929037
=020  \\$a3527307761 (hd. bd. : acid-free paper)
=040  \\$aOHX$beng$cOHX$dMUM$dDLC$dUk
=050  00$aTP156.F5
=100  1\$aRamstorp, Matts.
=245  10$aContamination control in practice /$cMatts Ramstorp.
=260  \\$aWeinheim :$bWiley-VCH,$cc2003.
=300  \\$ax, 191 p. :$bill. ;$c25 cm.
=336  \\$atext$2rdacontent
=337  \\$aunmediated$2rdamedia
=338  \\$avolume$2rdacarrier
=504  \\$aIncludes bibliographical references (p. [181]-184) and index.
=540  \\$aCurrent Copyright Fee: GBP32.00$c0$5Uk
=650  \0$aFilters and filtration.
=650  \0$aSterilization.
=650  \0$aMicrobial contamination.
=650  \0$aContamination (Technology)
=852  41$aBritish Library$bDSC
=856  41$uhttp://www.loc.gov/catdir/toc/wiley032/2003276245.html$zTable of contents
=886  2\$2blmarc$a010$b00$a2003276245
=966  \\$uo$lACQUIS 30/03/2004
=CAT  \\$aCONV$b00$c20040425$lBLL90$h0655
=CAT  \\$aCONV$b00$c20040502$lBLL01$h1233
=CAT  \\$aglobal_upd$b40$c20060417$lBLL01$h0520
=CAT  \\$aBATCH$b00$c20091208$lBLL01$h0251
=CAT  \\$aBATCH$b00$c20091214$lBLL01$h0310
=CAT  \\$aBATCH$b00$c20091216$lBLL01$h0051
=CAT  \\$aBATCH-CLAB$c20220330$lBLL01$h1756
=CAT  \\$aBATCH-UPD$b00$c20220331$lBLL01$h1323
=CAT  \\$aIPL-CLA$c20220331$lBLL01$h2125
=CFI  0\$aCurrent Copyright Fee: GBP32.00$c0$e01-apr-2022$fGBP32.00$g0$hC$5Uk
=FIN  \\$aY
=FMT  \\$a  BK
=LAS  \\$aIPL-CLA$b00$c20220331$lBLL01$h2125
=LEO  \\$aMP8.0001887983
=SRC  \\$aDSC01$bbibmp8.200404.2.ac

