=LDR  02045 am a22005773u 4500
=001  007841312
=003  Uk
=005  20200603201900.0
=008  031113s2004\\\\xxu\\\\||\\\\\000\||eng\|
=019  g\$aadv5005312919
=019  a\$aG08010867
=020  \\$a0300101384 (alk. paper)
=020  \\$cCIP entry
=040  \\$aDLC$cDLC$dDLC$dUk
=043  \\$an-us-ny
=050  00$aN7193.C5
=082  04$a709/.2/2$222
=100  1\$aFineberg, Jonathan David.
=245  10$aChristo and Jeanne-Claude :$bon the way to The Gates, Central Park, New York City /$cJonathan Fineberg ; photographs by Wolfgang Volz.
=260  \\$aNew Haven :$bYale University Press,$cc2004.
=300  \\$ap. cm.
=336  \\$atext$2rdacontent
=337  \\$aunmediated$2rdamedia
=338  \\$avolume$2rdacarrier
=600  04$aChristo,$d1935-2020.$tGates.
=600  04$aChristo,$d1935-2020$vInterviews.
=600  04$aJeanne-Claude,$d1935-2009$vInterviews.
=650  \0$aArtists' preparatory studies.
=650  \0$aArtistic collaboration.
=650  \0$aSite-specific art$zNew York (State)$zNew York.
=650  \0$aArtist couples$zUnited States$vInterviews.
=651  \0$aCentral Park (New York, N.Y.)
=852  41$aBritish Library$bDSC
=856  41$uhttp://www.loc.gov/catdir/toc/ecip0411/2003025145.html$zTable of contents
=886  2\$2blmarc$a010$b00$a2003025145
=966  \\$uo$lACQUIS 09/02/2004
=CAT  \\$aCONV$b00$c20040425$lBLL90$h0655
=CAT  \\$aCONV$b00$c20040502$lBLL01$h1233
=CAT  \\$aglobal_upd$b40$c20060417$lBLL01$h0523
=CAT  \\$aBATCH-UPD$b40$c20091122$lBLL01$h2001
=CAT  \\$aBATCH$b00$c20091208$lBLL01$h0254
=CAT  \\$aBATCH$b00$c20091214$lBLL01$h0310
=CAT  \\$aBATCH$b00$c20091216$lBLL01$h0051
=CAT  \\$aBATCH-UPD$b00$c20111205$lBLL01$h2034
=CAT  \\$aBATCH-UPD$b00$c20170805$lBLL01$h1727
=CAT  \\$aBATCH-UPD$b00$c20200603$lBLL01$h2019
=FIN  \\$aY
=FMT  \\$a  BK
=LAS  \\$aBATCH-UPD$b00$c20200603$lBLL01$h2019
=LEO  \\$aMP8.0001909675
=SRC  \\$aDSC01$bbibmp8.200404.2.ac

