=LDR  01654 am a22004933u 4500
=001  008507072
=003  Uk
=005  20091209020300.0
=008  040304s2004\\\\xxu\\\\||b\\\\001\||eng\|
=019  g\$aadv500529483x
=019  a\$aG08038188
=020  \\$a0739107143 (acid-free)
=020  \\$cCIP rev.
=040  \\$aDLC$cDLC$dDLC$dUk
=043  \\$ad------
=050  00$aHC59.7
=082  04$a338.9/009172/4$222
=100  1\$aBudd, Eric N,$d1963-
=245  10$aDemocratization, development, and the patrimonial state in the age of globalization /$cEric Budd.
=260  \\$aLanham, MD :$bLexington Books,$cc2004.
=300  \\$ax, 163 p. ;$c23 cm.
=336  \\$atext$2rdacontent
=337  \\$aunmediated$2rdamedia
=338  \\$avolume$2rdacarrier
=504  \\$aIncludes bibliographical references and index.
=598  \\$aPROV.RECORD
=650  \0$aDeveloping countries$xEconomic conditions.
=650  \0$aDeveloping countries$xEconomic policy.
=650  \0$aDemocracy$zDeveloping countries.
=650  \0$aGlobalization.
=651  \0$aDeveloping countries$xPolitics and government.
=852  \\$aBritish Library$bDSC
=852  41$aBritish Library$bDSC$im04/16390
=856  41$uhttp://www.loc.gov/catdir/toc/ecip046/2003015986.html$zTable of contents
=886  2\$2blmarc$a010$b00$a2003015986
=CAT  \\$aCONV$b00$c20040425$lBLL90$h0655
=CAT  \\$aCONV$b00$c20040502$lBLL01$h1255
=CAT  \\$aglobal_upd$b40$c20060417$lBLL01$h0646
=CAT  \\$aBATCH$b00$c20091209$lBLL01$h0203
=FIN  \\$aY
=FMT  \\$a  BK
=LAS  \\$aBATCH$b00$c20091209$lBLL01$h0203
=LEO  \\$aMP8.0001915984
=SRC  \\$aDSC01$bbibmp8.200404.2.ac

