=LDR  02462cam a22005057i 4500
=001  020060043
=003  Uk
=005  20230424223430.0
=008  200630s2019\\\\pl\a\\\\\\\\\\10|\0\pol\d
=020  \\$a9788395622878
=020  \\$a8395622872
=035  \\$a(OCoLC)1193310421
=040  \\$aDEBBG$bger$cDEBBG$dOCLCO$erda
=041  0\$apol$arus$aeng
=084  \\$a2.1$2sdnb
=245  00$aSztuka ukraińska XX wieku i polsko-ukraińskie związki artystyczne =$bUkrainskoe Isskusstvo XX veka i polʹsko-ukrainskie chudožestvennye svjazi = 20th-century Ukrainian Art and Polish-Ukrainian artistic relations /$cRedakcja: Jerzy Malinowski, Agnieszka Pospiszil et Ewa Sułek.
=246  13$atwentyth century Ukrainian Art and Polish-Ukrainian artistic relations
=246  21$aUkrainskoe Isskusstvo XX veka i polʹsko-ukrainskie chudožestvennye svjazi
=246  21$a20th-century Ukrainian Art and Polish-Ukrainian artistic relations
=264  \0$aToruń$bWydawnictwo Tako$c2019
=264  \1$aWarszawa$bPolski Instytut Studiów nad Sztuką Świata$c2019
=300  \\$a308 Seiten :$bIllustrationen
=336  \\$aText$btxt$2rdacontent/ger
=336  \\$aunbewegtes Bild$bsti$2rdacontent/ger
=337  \\$aohne Hilfsmittel zu benutzen$bn$2rdamedia/ger
=338  \\$aBand$bnc$2rdacarrier/ger
=490  1\$aSztuka Europy Wschodniej ;$vtom 7
=546  \\$aBeiträge teilweise polnisch, teilweise russisch, teilweise englisch.
=546  \\$aTeilweise kyrillisch.
=655  \7$aKonferenzschrift$y2019$zWarschau.$0(DE-588)1071861417.$2gnd
=655  \7$aAufsatzsammlung.$0(DE-588)4143413-4.$2gnd
=700  1\$aMalinowski, Jerzy$d1950-$eHerausgeber.$4edt
=700  1\$aPospiszil, Agnieszka$eHerausgeber.$4edt
=700  1\$aSułek, Ewa$eHerausgeber.$4edt
=710  2\$aPolski Instytut Studiów nad Sztuką Świata,$eHerausgebendes Organ,$eGastgebende Institution.$4isb$4his
=830  \0$aSztuka Europy Wschodniej ;$vtom 7.$w(DE-604)BV042572433
=852  41$aBritish Library$bHMNTS
=856  \\$uhttp://bvbr.bib-bvb.de:8991/F?func=service&doc_library=BVB01&local_base=BVB01&doc_number=032195619&sequence=000001&line_number=0001&func_code=DB_RECORDS&service_type=MEDIA$zInhaltsverzeichnis
=948  \\$hNO HOLDINGS IN BLX - 2 OTHER HOLDINGS
=994  \\$aZ0$bBLX
=CAT  \\$a14712$b40$c20210111$lBLL01$h1345
=CAT  \\$a14185$b40$c20230424$lBLL01$h2234
=FMT  \\$a  BK
=LAS  \\$a14185$b40$c20230424$lBLL01$h2234
=SID  \\$aZ39$bOCLC

