=LDR  01366 am a2200397 i 4500
=001  019018026
=003  Uk
=005  20180814125513.0
=008  090203s2008\\\\ii\\\\\e\\\\\\000\j\gujod
=020  \\$a9788184401172$q(hbk.)
=020  \\$a8184401175$q(hbk.)
=035  \\$a(OCoLC)301557957
=040  \\$aZQP$beng$cZQP$dDKAGE$dLNQ$dOCLCF$dOCLCQ$dCNEDM$dEYB$dUk
=050  \4$aPK1859.P38$bV38 2008
=082  04$a891.473$222
=100  1\$aPaṭela, Ramaṇabhāī,$d1934-
=245  10$aVatanano jhurāpo /$cRamaṇabhāī Paṭela.
=246  1\$iTitle on title page verso:$aVatan no zurapo
=250  \\$a1. āvr̥tti.
=260  \\$aMumbaī [India] :$bNavabhārata Sāhitya Mandira,$c2008.
=300  \\$am, 154 pages ;$c19 cm
=336  \\$atext$btxt$2rdacontent
=337  \\$aunmediated$bn$2rdamedia
=338  \\$avolume$bnc$2rdacarrier
=500  \\$aShort stories.
=546  \\$aIn Gujarati.
=650  \0$aShort stories, Gujarati.
=650  \7$aShort stories, Gujarati.$2fast$0(OCoLC)fst01117213
=655  \7$aShort stories.$2gsafd
=852  41$aBritish Library$bOC
=856  42$uhttp://i1382.photobucket.com/albums/ah249/CMA2016/eplstockimage_worldlanguagebook_zpsunvaw0go.jpg$zCover image
=CAT  \\$a6550$b40$c20180814$lBLL01$h1255
=FIN  \\$aY$d20180814
=FMT  \\$a  BK
=LAS  \\$a6550$b40$c20180814$lBLL01$h1255
=SID  \\$aZ39$bOCLC

