=LDR  01727cas a22004457a 4500
=001  019051054
=003  Uk
=005  20230423172241.0
=008  110420d19331939pl\\x\\\a\\\\\0\\\\0heb\d
=016  7\$a002104937$2IsJJNL
=035  \\$a(OCoLC)299175234
=040  \\$aJ9U$beng$cJ9U$dOCLCQ$dJ9U
=041  0\$aheb$apol
=245  00$aDiwrej Akiba :$bpismo gdudu pierwszego ruchu Agudat hanoar haiwri Akiba.
=260  \\$aKrakow :$bZwiazek Skautowej Mlodziezy Zydowskiej,$c1933-1939.
=300  \\$a8 volumes :$billustrations, portraits ;$c23 cm
=310  \\$aIrregular
=336  \\$atext$btxt$2rdacontent
=337  \\$amicroform$bh$2rdamedia
=362  1\$aR.1(1933)-8(1939).
=500  \\$aCeased publication.
=500  \\$aSome no. have Hebrew section.
=500  \\$aOn t.p. of rok 1: Jednodniowka.
=500  \\$aIn microfilm: Warszawa : Biblioteka Narodowa, 1999.
=500  \\$aPaper edition not for use: PB 34.
=533  \\$aMicrofilm.$bNew York :$cNew York Public Library,$d[2001].$e1 microfilm reel ; 35 mm.$f(Rare periodicals of the ZIH ; reer 178).
=610  24$aIhud ha-noar ha-ziyyoni - Aqiva$zPoland$vPeriodicals.
=710  2\$aIhud ha-noar ha-ziyyoni - Aqiva.
=710  2\$aNoar ha-ivri (Poland)
=852  41$aBritish Library$bHMNTS
=856  \\$uhttp://web.nli.org.il/sites/JPress/Hebrew/Pages/DAK.aspx$zHistorical Jewish Press [FREE]
=880  \\$6500-00//r$aכותר נוסף: דברי עקיבא.
=880  0\$6740-00//r$aדברי עקיבא.
=948  \\$hNO HOLDINGS IN BLX - 2 OTHER HOLDINGS
=994  \\$aZ0$bBLX
=CAT  \\$a14712$b40$c20180912$lBLL01$h1507
=CAT  \\$a14185$b40$c20230423$lBLL01$h1722
=FMT  \\$a  SE
=LAS  \\$a14185$b40$c20230423$lBLL01$h1722
=SID  \\$aZ39$bOCLC

