=LDR  01694 am a2200349 i 4500
=001  019510338
=003  Uk
=005  20190819120709.0
=008  180411s2017\\\\ru\\\\\\\b\\\\000\0\rus\\
=020  \\$a9785437905401
=020  \\$a5437905408
=040  \\$aUk$beng$cUk$erda
=042  \\$aukblsr
=245  00$aSot︠s︡iokulʹturnai︠a︡ dinamika regionov Rossii i postsovetskogo prostranstva :$bfaktory, mekhanizmy, vektory : kollektivnai︠a︡ monografii︠a︡ /$credaktor I.A. Kupt︠s︡ova.
=264  \1$aNovosibirsk :$bSibAK,$c2017.
=300  \\$a108 pages :$billustrations (black and white, and colour) ;$ccm
=336  \\$atext$2rdacontent
=337  \\$aunmediated$2rdamedia
=338  \\$avolume$2rdacarrier
=500  \\$aSociocultural dynamics of the Russian regions and post-Soviet space : factors, mechanisms, vectors.
=504  \\$aIncludes bibliographical references.
=651  \0$aSiberia (Russia)$xSocial policy.
=651  \0$aSiberia (Russia)$xEconomic policy.
=700  1\$aKupt︠s︡ova, I. A.
=710  2\$aSibAK
=852  41$aBritish Library$bHMNTS
=856  \\$uhttp://bvbr.bib-bvb.de:8991/F?func=service&doc_library=BVB01&local_base=BVB01&doc_number=030293749&sequence=000002&line_number=0001&func_code=DB_RECORDS&service_type=MEDIA$zInhaltsverzeichnis
=880  0\$6245-01$aСоциокультурная динамика регионов России и постсоветского пространства :$bфакторы, механизмы, векторы : монография /$cпод ред. И.А. Купцовой.
=CAT  \\$a11853$b40$c20190819$lBLL01$h1207
=FMT  \\$a  BK
=LAS  \\$a11853$b40$c20190819$lBLL01$h1207
=SID  \\$aZ39$bOCLC

