=LDR  01242 am a2200313 i 4500
=001  017818285
=003  Uk
=005  20160427141929.0
=008  150616s2015\\\\un\a\\\\\\\\\\000\0\ukr\d
=020  \\$a9789662763973
=020  \\$a966276397X
=040  \\$aUk$beng$cUk$erda
=042  \\$aukblsr
=100  1\$aIvanyshyn, Vasylʹ,$eauthor.
=245  10$aUkraïnsʹka idei︠a︡ :$bvybrani tvory /
=264  \1$aDrohobych :$bVydavnytstvo "Posvit",$c2015.
=300  \\$a928 pages ;$ccm
=336  \\$atext$2rdacontent
=337  \\$aunmediated$2rdamedia
=338  \\$avolume$2rdacarrier
=500  \\$aІванишин, Василь. Українська ідея: вибрані твори. /Передм. Д.Яроша. -Дрогобич: Видавництво "Посвіт", 2015.
=650  \0$aNationalism$zUkraine$xHistory$y20th century.
=700  1\$aI︠A︡rosh, Dmytro,$d1971-
=852  41$aBritish Library$bHMNTS
=856  \\$uhttp://bvbr.bib-bvb.de:8991/F?func=service&doc_library=BVB01&local_base=BVB01&doc_number=028053286&line_number=0001&func_code=DB_RECORDS&service_type=MEDIA$zInhaltsverzeichnis
=CAT  \\$a11853$b40$c20160427$lBLL01$h1419
=FMT  \\$a  BK
=LAS  \\$a11853$b40$c20160427$lBLL01$h1419
=SID  \\$aZ39$bOCLC

