=LDR  06536cas a2201237 a 4500
=001  016736351
=003  Uk
=005  20211231173427.0
=008  821209d1982200ucauar\\\\\\\\\1\\\a0eng\d
=010  \\$asn 95005062 
=015  \\$a013363522$2dnb
=016  \\$a590539--4$2DE-600
=016  \\$a012404778
=016  \\$a013363522$2de-101
=016  \\$a5905394$2de-600
=022  0\$a1083-1312$l1083-1312$21
=030  \\$aCRICFO
=035  \\$a(OCoLC)9037184
=037  \\$bIEEE Single Copy Sales, 445 Hoes Lane, Piscataway, NJ 08854
=040  \\$aIAH$beng$cIAH$dOCL$dAIP$dOCL$dDLC$dNSD$dMYG$dCAS$dMYG$dOCLCQ$dGBVCP$dDLC$dUKMGB$dOCLCQ$dHNK$dOCLCF$dOCLCO$dUk
=042  \\$aukblsr
=050  \4$aTX7882.I6$bD56
=082  04$a621.3815422$223
=111  2\$aInternational Display Research Conference.
=210  0\$aConf. rec. Int. Disp. Res. Conf.
=222  \0$aConference record of the International Display Research Conference
=245  10$aConference record of ... International Display Research Conference.
=246  14$aDisplay Research Conference
=246  1\$iIssues for <1985-1994> have the title:$aConference record of the ... International Display Research Conference
=260  \\$aNew York :$bInstitute of Electrical and Electronics Engineers,$c1982-
=300  \\$av. :$bill. ;$c28 cm.
=310  \\$aAnnual
=336  \\$atext$2rdacontent
=337  \\$aunmediated$2rdamedia
=338  \\$avolume$2rdacarrier
=362  0\$a1982-
=500  \\$aPublished: Santa Ana, CA : Society for Information Display, <1994->
=515  \\$aConference sites alternate between Japan, Europe, and the U.S. Proceedings of Japanese conferences titled: Japan display; European conference proceedings titled: Eurodisplay.
=530  \\$aIssues for 1988<, 1991> also available by subscription, in PDF format, via the World Wide Web.
=530  \\$aAlso issued online.
=540  \\$aCurrent Copyright Fee: GBP0.73$c0$5Uk
=550  \\$aSponsored by: Society for Information Display, with, at U.S. conference sites, <1982>-1985 IEEE Group on Electron Devices; 1988-<1994> IEEE Electron Devices Society; and the Advisory Group on Electron Devices, <1982-1994>; at Japanese conference sites, <1983-1989> Institute of Television Engineers of Japan; at European sites, various bodies.
=588  \\$aLatest issue consulted: 1994.
=650  \0$aInformation display systems$vCongresses.
=710  2\$aSociety for Information Display.
=710  2\$aIEEE Group on Electron Devices.
=710  2\$aIEEE Electron Devices Society.
=710  1\$aUnited States.$bAdvisory Group on Electron Devices.
=710  2\$aTerebijon Gakkai (Japan)
=730  0\$aJapan display.
=730  0\$aEurodisplay.
=776  08$iOnline version:$aInternational Display Research Conference.$tConference record of ... International Display Research Conference
=776  08$iCD-ROM version:$aInternational Display Research Conference.$tConference record of ... International Display Research Conference
=780  00$aDisplay Research Conference.$tConference record of ... biennial Display Research Conference
=785  00$aInternational Display Research Conference.$tProceedings of the ... International Display Research Conference
=852  49$aBritish Library$bDSC$3See shelfmark 3409.833800 for 1982-
=856  41$uhttp://ieeexplore.ieee.org/Xplore/conferences.jsp$zSearch: Display Research Conference ...
=ACF  \\$aPrevious Copyright Fee: GBP0.61$c0$e01-oct-2014$fGBP0.61$g0$hC$5Uk
=ACF  \\$aPrevious Copyright Fee: GBP0.67$c0$e01-apr-2015$fGBP0.67$g0$hC$5Uk
=ACF  \\$aPrevious Copyright Fee: GBP0.65$c0$e01-oct-2015$fGBP0.65$g0$hC$5Uk
=ACF  \\$aPrevious Copyright Fee: GBP0.69$c0$e01-apr-2016$fGBP0.69$g0$hC$5Uk
=ACF  \\$aPrevious Copyright Fee: GBP0.74$c0$e01-oct-2016$fGBP0.74$g0$hC$5Uk
=ACF  \\$aPrevious Copyright Fee: GBP0.80$c0$e01-apr-2017$fGBP0.80$g0$hC$5Uk
=ACF  \\$aPrevious Copyright Fee: GBP0.76$c0$e01-oct-2017$fGBP0.76$g0$hC$5Uk
=ACF  \\$aPrevious Copyright Fee: GBP0.77$c0$e01-jan-2018$fGBP0.77$g0$hC$5Uk
=ACF  \\$aPrevious Copyright Fee: GBP0.71$c0$e01-apr-2018$fGBP0.71$g0$hC$5Uk
=ACF  \\$aPrevious Copyright Fee: GBP0.77$c0$e01-oct-2018$fGBP0.77$g0$hC$5Uk
=ACF  \\$aPrevious Copyright Fee: GBP0.80$c0$e01-oct-2019$fGBP0.80$g0$hC$5Uk
=ACF  \\$aPrevious Copyright Fee: GBP0.77$c0$e01-apr-2020$fGBP0.77$g0$hC$5Uk
=ACF  \\$aPrevious Copyright Fee: GBP0.80$c0$e01-jul-2020$fGBP0.80$g0$hC$5Uk
=ACF  \\$aPrevious Copyright Fee: GBP0.74$c0$e01-apr-2021$fGBP0.74$g0$hC$5Uk
=ACF  \\$aPrevious Copyright Fee: GBP0.72$c0$e01-jul-2021$fGBP0.72$g0$hC$5Uk
=CAT  \\$a8201$b40$c20140606$lBLL01$h1549
=CAT  \\$aIPL-CLA$c20160930$lBLL01$h1641
=CAT  \\$aBATCH-CLA$b00$c20170228$lBLL01$h1631
=CAT  \\$aIPL-CLA$c20170331$lBLL01$h1920
=CAT  \\$aBATCH-CLA$b00$c20170831$lBLL01$h1631
=CAT  \\$aIPL-CLA$c20170929$lBLL01$h1805
=CAT  \\$aBATCH-CLA$b00$c20171130$lBLL01$h1707
=CAT  \\$aIPL-CLA$c20171231$lBLL01$h1824
=CAT  \\$aBATCH-CLA$b00$c20180228$lBLL01$h1646
=CAT  \\$aIPL-CLA$c20180331$lBLL01$h1709
=CAT  \\$aBATCH-CLA$b00$c20180831$lBLL01$h1627
=CAT  \\$aIPL-CLA$c20180930$lBLL01$h1516
=CAT  \\$aBATCH-CLA$b00$c20190909$lBLL01$h1718
=CAT  \\$aIPL-CLA$c20190930$lBLL01$h1653
=CAT  \\$aBATCH-CLA$b00$c20200228$lBLL01$h1637
=CAT  \\$aIPL-CLA$c20200331$lBLL01$h1631
=CAT  \\$aBATCH-CLA$b00$c20200529$lBLL01$h1537
=CAT  \\$aIPL-CLA$c20200701$lBLL01$h0116
=CAT  \\$aBATCH-CLA$b00$c20210227$lBLL01$h1013
=CAT  \\$aIPL-CLA$c20210331$lBLL01$h1902
=CAT  \\$aBATCH-CLA$b00$c20210528$lBLL01$h1527
=CAT  \\$aIPL-CLA$c20210704$lBLL01$h1125
=CAT  \\$aBATCH-CLA$b00$c20210917$lBLL01$h1605
=CAT  \\$aIPL-CLA$c20210930$lBLL01$h1657
=CAT  \\$aBATCH-CLA$b00$c20211203$lBLL01$h0817
=CAT  \\$aIPL-CLA$c20211231$lBLL01$h1734
=CFI  0\$aCurrent Copyright Fee: GBP0.73$c0$e01-jan-2022$fGBP0.73$g0$hC$5Uk
=CFI  2\$aPrevious Copyright Fee: GBP0.71$c0$e01-oct-2021$fGBP0.71$g0$hC$5Uk
=FIN  \\$aY$d20140606
=FMT  \\$a  SE
=LAS  \\$aIPL-CLA$b00$c20211231$lBLL01$h1734
=LKR  \\$aPAR$b012404778$lBLL01$nProceedings of the ... International Display Research Conference$mConference record of the Inter$r78500
=LKR  \\$aPAR$b012404768$lBLL01$nConference record of ... biennial Display Research Conference$r78000$mConference record of the International Display Research Conference
=SID  \\$aZ39$bOCLC

