=LDR  01385cam a22003737i 4500
=001  017020722
=003  Uk
=005  20230424214209.0
=008  130717s2012\\\\xx\a\\\\\\\\\\000\0\pol\d
=020  \\$z8386192187
=029  0\$aDEBBG$bBV041150501
=035  \\$a(OCoLC)856830217
=040  \\$aDE-604$bger$cDEBBG$erakwb
=041  0\$apol$ager
=082  04$a307.09$222/ger
=084  \\$a7,41$2ssgn
=245  00$aPokój 1748 - 1945 =$bCarlsruhe 1748 - 1945 /$cJacek Schmidt.
=246  3\$aPokój Carlsruhe
=246  31$aCarlsruhe 1748 - 1945
=260  \\$aGliwice :$bPG Electronics,$c2012.
=300  \\$a350 S. :$bzahlr. Ill.
=500  \\$aText dt. und poln.
=651  \7$aCarlsruhe (Oberschlesien)$0(DE-588)4009494-7$2gnd
=700  1\$aSchmidt, Jacek.$0(DE-588)132932326
=700  1\$aSchmidt, Jacek.$0(DE-588)132932326.$tInsurekcja i Kościuszko w niemieckiej opinii publicznej i literaturze.
=852  41$aBritish Library$bHMNTS
=856  \\$uhttp://bvbr.bib-bvb.de:8991/F?func=service&doc_library=BVB01&local_base=BVB01&doc_number=026125971&line_number=0001&func_code=DB_RECORDS&service_type=MEDIA$zInhaltsverzeichnis
=948  \\$hNO HOLDINGS IN BLX - 1 OTHER HOLDINGS
=994  \\$aZ0$bBLX
=CAT  \\$a12420$b40$c20150121$lBLL01$h0921
=CAT  \\$a14185$b40$c20230424$lBLL01$h2142
=FMT  \\$a  BK
=LAS  \\$a14185$b40$c20230424$lBLL01$h2142
=SID  \\$aZ39$bOCLC

