=LDR  01587cam a22003737i 4500
=001  017020724
=003  Uk
=005  20230424214225.0
=008  130717s2012\\\\xx\ab\\\\\\\\\000\0\pol\d
=020  \\$z8386192187
=029  0\$aDEBBG$bBV041150468
=035  \\$a(OCoLC)856830204
=040  \\$aDE-604$bger$cDEBBG$erakwb
=041  0\$apol$ager
=082  04$a307.09$222/ger
=084  \\$a7,41$2ssgn
=245  00$aZarys zmiennych dziejów mniejszości polskiej w historii miasta Gliwic =$bDie Geschichte der polnischen Minderheit in Gleiwitz /$cJacek Schmidt.
=246  31$aGeschichte der polnischen Minderheit in Gleiwitz
=260  \\$aGliwice :$bPG Electronics,$c2012.
=300  \\$a290, 85 S. :$bIll., Kt.
=500  \\$aEnth. außerdem: Insurekcja i Kościuszko w niemieckiej opinii publicznej i literaturze / Jacek Schmidt.
=650  07$aPolen (Volk)$0(DE-588)4046497-0$2gnd
=651  \7$aGliwice.$0(DE-588)110481-0$2gnd
=700  1\$aSchmidt, Jacek.$0(DE-588)132932326
=700  1\$aSchmidt, Jacek.$0(DE-588)132932326.$tInsurekcja i Kościuszko w niemieckiej opinii publicznej i literaturze.
=852  41$aBritish Library$bHMNTS
=856  \\$uhttp://bvbr.bib-bvb.de:8991/F?func=service&doc_library=BVB01&local_base=BVB01&doc_number=026125939&line_number=0001&func_code=DB_RECORDS&service_type=MEDIA$zInhaltsverzeichnis
=948  \\$hNO HOLDINGS IN BLX - 1 OTHER HOLDINGS
=994  \\$aZ0$bBLX
=CAT  \\$a12420$b40$c20150121$lBLL01$h0922
=CAT  \\$a14185$b40$c20230424$lBLL01$h2142
=FMT  \\$a  BK
=LAS  \\$a14185$b40$c20230424$lBLL01$h2142
=SID  \\$aZ39$bOCLC

