=LDR  01578 am a22003497a 4500
=001  015731617
=003  Uk
=005  20110113142738.0
=008  101022s2010\\\\ng\a\\\frb\\\\101\0\eng\d
=020  \\$a9781555633011
=020  \\$a1555633013
=035  \\$a(OCoLC)671499575
=040  \\$aTXSPE$cTXSPE$dYDXCP
=111  2\$aNigeria Annual International Conference and Exhibition$n($d2010 :$cTinapa - Calabar, Nigeria)
=245  10$aMeeting The World's Energy Demand and Supply Mix: The Role of Africa :$bconference technical papers /$cNigeria Annual International Conference and Exhibition, 31 July - 7 Auguast 2010 ,Tinapa-Calabar, Nigeria.
=260  \\$bSociety of Petroleum Engineers$cc2010.
=300  \\$ax, 265 p. :$bill. (some col.) ;$c30 cm.
=336  \\$atext$2rdacontent
=337  \\$aunmediated$2rdamedia
=338  \\$avolume$2rdacarrier
=500  \\$aCover title.
=500  \\$a"Tinapa - Calabar, Nigeria, 31 July - 7 August, 2010."
=504  \\$aIncludes bibliographical references.
=650  \0$aGas industry$zNigeria$vCongresses.
=710  2\$aSociety of Petroleum Engineers (U.S.)
=852  41$aBritish Library$bDSC
=856  42$uhttp://www.onepetro.org$zPapers presented at this conference are available on OnePetro after the date of the conference. The citation and preview are available at no cost. Subscription or per paper download payment is required for access to full text.
=CAT  \\$a10731$b40$c20110113$lBLL01$h1427
=CAT  \\$a8964$b40$c20110131$lBLL01$h1033
=FMT  \\$a  BK
=LAS  \\$a8964$b40$c20110131$lBLL01$h1033
=SID  \\$aZ39$bOCLC

