=LDR  02408cam a22005057a 4500
=001  015900628
=003  Uk
=005  20230622164915.0
=007  co\cg|||||||||
=008  090909s2009\\\\nyua\\\\qbt\\i100\0deng\d
=020  \\$a9781605583266
=020  \\$a160558326X
=035  \\$a(OCoLC)436149592
=040  \\$aFER$cFER
=110  2\$aAssociation for Computing Machinery.$bSIGEVO.
=245  00$aWorld Summit on Genetic and Evolutionary Computation$h[electronic resource] :$b2009 GEC Summit : June 12-14, 2009, Shanghai, China.
=246  3\$a2009 GEC Summit
=246  1\$iAlso known as:$a2009 ACM SIGEVO Genetic & Evolutionary Computation Summit
=260  \\$aNew York, N.Y. :$bAssociation for Computing Machinery,$c2009.
=300  \\$a1 CD-ROM :$bcol. ;$c4 3/4 in.
=336  \\$atext$2rdacontent
=337  \\$acomputer$2rdamedia
=338  \\$acomputer disc$2rdacarrier
=500  \\$a"These proceedings contain the papers presented at the 2009 World Summit on Genetic and Evolutionary Computation (2009 GEC Summit), held in Shanghai, China, June 12-14, 2009."--Preface.
=500  \\$a"2009 ACM SIGEVO Genetic & Evolutionary Computation Summit."--CD-ROM title page.
=516  \\$aText documents as PDF files.
=536  \\$a"Sponsored and organized by ACM SIGEVO, the Special Interest Group for Genetic and Evolutionary Computation."--Preface.
=538  \\$aSystem requirements: CD-ROM drive; Adobe Acrobat Reader or other PDF reader.
=650  \0$aGenetic algorithms$xData processing$vCongresses.
=650  \0$aGenetic programming (Computer science)$vCongresses.
=650  \0$aEvolutionary computation$vCongresses.
=650  \0$aEvolutionary programming (Computer science)$vCongresses.
=655  \0$aCD-ROMs.
=710  2\$aShanghai da xue.
=710  2\$aTong ji da xue (China)
=710  2\$aDong Hua da xue.
=711  2\$aWorld Summit on Genetic and Evolutionary Computation$n(1st :$d2009 :$cShanghai, China)
=787  0\$aGenetic and Evolutionary Computation Conference.$tGenetic and Evolutionary Computation Conference : [proceedings].$c(Electronic resource)$w(OCoLC)71323607
=852  41$aBritish Library$bDSC
=856  42$uhttp://www.acm.org/$zAssociation for Computing Machinery Web site
=CAT  \\$a8149$b40$c20110928$lBLL01$h1150
=CAT  \\$aW2306-1299$c20230622$lBLL01$h1653
=FMT  \\$a  BK
=LAS  \\$aW2306-1299$b00$c20230622$lBLL01$h1653
=SID  \\$aZ39$bOCLC

