=LDR  01751cam a22004337i 4500
=001  016101557
=003  Uk
=005  20230424203845.0
=008  101208s2010\\\\pl\ad\\\\\\\\\000\0\pol\d
=020  \\$a9788361806004
=020  \\$a8361806008
=029  0\$aDEBBG$bBV036859444
=035  \\$a(OCoLC)706050780
=040  \\$aDE-604$bger$cDEBBG$erakwb
=084  \\$a7,41$2ssgn
=084  \\$aNR 8600$2rvk
=100  1\$aPiwowarczyk, Elżbieta.
=245  00$aLegaty testamentowe "ad pias causas" w XV-wiecznym Krakowie :$bz badań nad pobożnością miejską /$cElżbieta Piwowarczyk.
=260  \\$aKraków :$bDrukarnia Akcydensowa Dorosz Andrzej Wydawnictwo,$c2010.
=300  \\$a585, [1] s. :$bil. - Ill., graph. Darst. ;$c24 cm.
=336  \\$atext$2rdacontent
=337  \\$aunmediated$2rdamedia
=338  \\$avolume$2rdacarrier
=500  \\$aZsfassung in dt. Sprache.
=648  \7$aGeschichte 1400-1500.$2swd
=650  07$aTestament.$0(DE-588c)4059555-9$2swd
=651  \7$aKrakau.$0(DE-588c)4073760-3$2swd
=852  41$aBritish Library$bHMNTS
=856  \\$uhttp://bvbr.bib-bvb.de:8991/F?func=service&doc_library=BVB01&doc_number=020775241&line_number=0001&func_code=DB_RECORDS&service_type=MEDIA$zInhaltsverzeichnis
=856  \\$uhttp://bvbr.bib-bvb.de:8991/F?func=service&doc_library=BVB01&doc_number=020775241&line_number=0002&func_code=DB_RECORDS&service_type=MEDIA$zAbstract
=948  \\$hNO HOLDINGS IN BLX - 3 OTHER HOLDINGS
=994  \\$aZ0$bBLX
=CAT  \\$a3614$b40$c20120611$lBLL01$h1325
=CAT  \\$aWR16.065$c20160721$lBLL01$h1334
=CAT  \\$aBATCH-UPD$b00$c20160721$lBLL01$h1336
=CAT  \\$a14185$b40$c20230424$lBLL01$h2038
=FMT  \\$a  BK
=LAS  \\$a14185$b40$c20230424$lBLL01$h2038
=SID  \\$aZ39$bOCLC

