=LDR  01337cam a22003737i 4500
=001  016102321
=003  Uk
=005  20230424203901.0
=008  101119s2010\\\\pl\\\\\\\\\\\\000\0\pol\d
=020  \\$a9788324212521
=020  \\$a8324212523
=029  0\$aHEBIS$b228904668
=029  1\$aDEBBG$bBV037259207
=032  \\$a228904668
=035  \\$a(OCoLC)685186131
=040  \\$aGyFmHBV$bger$cHEBIS$dDEBBG
=245  00$aPogranicza audiowizualności$bparateksty kina, telewizji i nowych mediów$cpod red. Andrzeja Gwoździa.
=260  \\$aKraków$bTowarzystwo Autorów i Wyd. Prac Naukowych Univ.$c2010.
=300  \\$a579 S.
=336  \\$atext$2rdacontent
=337  \\$aunmediated$2rdamedia
=338  \\$avolume$2rdacarrier
=700  1\$aGwóźdź, Andrzej.$4aut.
=852  41$aBritish Library$bHMNTS
=856  \\$uhttp://bvbr.bib-bvb.de:8991/F?func=service&doc_library=BVB01&doc_number=021172367&line_number=0001&func_code=DB_RECORDS&service_type=MEDIA$zInhaltsverzeichnis
=948  \\$hNO HOLDINGS IN BLX - 3 OTHER HOLDINGS
=994  \\$aZ0$bBLX
=CAT  \\$a3614$b40$c20120612$lBLL01$h1416
=CAT  \\$aBATCH-UPD$b40$c20130526$lBLL01$h0305
=CAT  \\$aWR16.065$c20160721$lBLL01$h1334
=CAT  \\$a14185$b40$c20230424$lBLL01$h2039
=FMT  \\$a  BK
=LAS  \\$a14185$b40$c20230424$lBLL01$h2039
=SID  \\$aZ39$bOCLC

