=LDR  01522 am a2200361 a 4500
=001  016214391
=003  Uk
=005  20121120142137.0
=008  101212s2012\\\\bw\\\\\\\b\\\\001\0drus\\
=020  \\$a978-985-6982-44-9
=040  \\$aDLC$cDLC$dEVIEW$dDEBBG$dWAU$dUk
=042  \\$aukblsr
=100  1\$6880-01$aDrozd, Dmitriĭ,$d1973-
=245  10$6880-02$aZemlevladelʹt︠s︡y Minskoĭ gubernii 1861-1900 :$bspravochnik /$cDmitriĭ Drozd.
=250  \\$aIzdanie 2-e, ispr. i dop.
=260  \\$6880-03$aMinsk :$bMedisont,$c2012.
=300  \\$a709 p. ;$c24 cm.
=336  \\$atext$2rdacontent
=337  \\$aunmediated$2rdamedia
=338  \\$avolume$2rdacarrier
=504  \\$aIncludes bibliographical references and index.
=650  \0$aLand tenure$zBelarus$zMinsk Region$xHistory$vSources.
=650  \0$aLandowners$zBelarus$zMinsk Region$vRegisters.
=852  41$aBritish Library$bHMNTS
=856  \\$uhttp://bvbr.bib-bvb.de:8991/F?func=service&doc_library=BVB01&doc_number=022535600&line_number=0001&func_code=DB_RECORDS&service_type=MEDIA$zInhaltsverzeichnis
=880  1\$6100-01$aДрозд, Дмитрий,$d1973-
=880  10$6245-02$aЗемлевладельцы Минской губернии 1861-1900 :$bсправочник /$cДмитрий Дрозд.
=880  \\$6260-03$aМинск :$bМедисонт,$c2012.
=CAT  \\$a11853$b40$c20121120$lBLL01$h1421
=CAT  \\$aBATCH-UPD$b40$c20121120$lBLL01$h1422
=FMT  \\$a  BK
=LAS  \\$aBATCH-UPD$b40$c20121120$lBLL01$h1422
=SID  \\$aZ39$bOCLC

