=LDR  00942 am a2200289 a 4500
=001  016247810
=003  Uk
=005  20130109192717.0
=008  120830s2012\\\\bw\a\\\\\\\\\\000\0\rus\d
=020  \\$a9789857035328
=020  \\$a9857035329
=040  \\$aUk$beng$cUk
=042  \\$aukblsr
=100  1\$aRozenberg, Aleksandr
=245  10$aPo stranitsam istorii evreiskoi Orshi /$cAleksandr Rozenberg.
=250  \\$a2. izd., ispr. i dop.
=260  \\$aMinsk :$bVaraksin,$c2012.
=300  \\$a191 p.;
=336  \\$atext$2rdacontent
=337  \\$aunmediated$2rdamedia
=338  \\$avolume$2rdacarrier
=651  \0$aOrsha (Belarus)
=852  41$aBritish Library$bHMNTS
=856  \\$uhttp://bvbr.bib-bvb.de:8991/F?func=service&doc_library=BVB01&doc_number=025246981&line_number=0001&func_code=DB_RECORDS&service_type=MEDIA$zInhaltsverzeichnis
=CAT  \\$a11853$b40$c20130109$lBLL01$h1927
=FMT  \\$a  BK
=LAS  \\$a11853$b40$c20130109$lBLL01$h1927

