=LDR  01836 am a2200469 a 4500
=001  014577693
=003  Uk
=005  20090715150250.0
=007  co\cg|||||||||
=008  080404s2008\\\\gw\b\\\\\b\\\\000\0\ger\d
=020  \\$a9783515085748 (hd.bd.)
=020  \\$a3515085742 (hd.bd.)
=035  \\$a(OCoLC)221131020
=040  \\$aOHX$cOHX$dNYP$dCLU$dUk
=042  \\$aukblsr
=043  \\$ae-gx---
=050  14$aDD91$b.G33 v.66
=072  \7$aPF$2lcco
=100  1\$aHeuser, Rita.
=245  10$aNamen der Mainzer Strassen und Örtlichkeiten :$bSammlung, Deutung, sprach- und motivgeschichtliche Auswertung /$cRita Heuser.
=260  \\$aStuttgart :$bSteiner,$c2008.
=300  \\$axiii, 675 p. :$bmaps ;$c25 cm. +$e1 computer optical disc (4 3/4 in.).
=336  \\$atext$2rdacontent
=337  \\$acomputer$2rdamedia
=338  \\$acomputer disc$2rdacarrier
=490  0\$aGeschichtliche Landeskunde,$x0072-4203 ;$vBd. 66
=500  \\$aOriginally presented as the author's thesis (doctoral)--Universität Mainz, 2004.
=504  \\$aIncludes bibliographical references (p. [629]-675).
=650  \0$aStreet names$zGermany$zMainz (Rhineland-Palatinate)
=650  \0$aNames, Geographical$zGermany$zMainz (Rhineland-Palatinate)$xEtymology.
=650  \0$aGerman language$xDialects$zGermany$zMainz (Rhineland-Palatinate)
=710  2\$aJohannes Gutenberg-Universität.$bInstitut für Geschichtliche Landeskunde.
=852  41$aBritish Library$bHMNTS
=856  42$uhttp://d-nb.info/987474898/04$zTable of contents:
=CAT  \\$a10926$b40$c20080403$lBLL01$h1313
=CAT  \\$a11069$b40$c20090715$lBLL01$h1502
=CAT  \\$aBATCH-UPD$b40$c20160605$lBLL01$h0248
=CAT  \\$aW1707-0052$c20170703$lBLL01$h1858
=FIN  \\$aY$d20090715
=FMT  \\$a  BK
=LAS  \\$aW1707-0052$b00$c20170703$lBLL01$h1858
=SID  \\$aZ39$bOCLC

