=LDR  01701cam a22004097i 4500
=001  020828584
=003  Uk
=005  20230425081812.0
=008  220309s2021\\\\er\\\\\\\\\\\\00|\0\est\d
=020  \\$a9789916171660
=020  \\$a9916171661
=035  \\$a(OCoLC)1322805640
=040  \\$aDEBBG$bger$cDEBBG$erda
=084  \\$aOST$qDE-12$2fid
=100  1\$aMäesalu, Ain,$d1955-$eVerfasser.$0(DE-588)1251342442$4aut
=245  10$aEesti ajalugu :$bkronoloogia /$cAin Mäesalu, Sulev Vahtre, Mati Laur und fünf andere ; toimetanud Siiri Rebane ; kujundanud Villu Koskaru.
=250  \\$aNeljas, parandatud ja täiendatud trükk.
=264  \1$a[Tallinn]$bTänapäev$c[2021]
=300  \\$a531 Seiten :$bKarten
=336  \\$aText$btxt$2rdacontent/ger
=337  \\$aohne Hilfsmittel zu benutzen$bn$2rdamedia/ger
=338  \\$aBand$bnc$2rdacarrier/ger
=648  \4$aGeschichte 14 000 v. Chr.-2020.
=650  07$aChronologie.$0(DE-588)4010178-2$2gnd
=651  \7$aEstland.$0(DE-588)4015587-0$2gnd
=700  1\$aVahtre, Sulev,$d1926-2007$eVerfasser.$0(DE-588)124069304$4aut
=700  1\$aLaur, Mati,$d1955-$eVerfasser.$0(DE-588)109157121X$4aut
=700  1\$aRebane, Siiri,$eHerausgeber.$4edt
=852  41$aBritish Library$bHMNTS
=856  \\$uhttp://bvbr.bib-bvb.de:8991/F?func=service&doc_library=BVB01&local_base=BVB01&doc_number=033257067&sequence=000001&line_number=0001&func_code=DB_RECORDS&service_type=MEDIA$zInhaltsverzeichnis
=948  \\$hNO HOLDINGS IN BLX - 1 OTHER HOLDINGS
=994  \\$aZ0$bBLX
=CAT  \\$a10695$b40$c20221202$lBLL01$h1239
=CAT  \\$a14185$b40$c20230425$lBLL01$h0818
=FMT  \\$a  BK
=LAS  \\$a14185$b40$c20230425$lBLL01$h0818
=SID  \\$aZ39$bOCLC

