=LDR  01422cam a22003257i 4500
=001  020988556
=003  Uk
=005  20230313130757.0
=008  220328s2021\\\\hu\a\\\\\b\\\\000\0\ger\d
=020  \\$a9789634893677
=020  \\$a9634893678
=024  7\$a10.21862/Metonymie_2021$2doi
=035  \\$a(OCoLC)1349157268
=040  \\$aHUASL$bhun$cHUASL
=100  1\$aBrdar Szabó, Rita$d1965-
=245  10$aFunktionen der Metonymie im Sprachvergleich am Beispiel von Deutsch und Ungarisch$cRita Brdar-Szabó ; [Hrsg. Eötvös Loránd Tudományegyetem Germanisztikai Intézet].
=260  \\$aBudapest$bEötvös Loránd Tudományegyetem Germanisztikai Intézet$c2021
=300  \\$a260 p.$bill.$c24 cm
=490  1\$aBudapester Beiträge zur Germanistik$x0138-905X$v80.
=504  \\$aBibliogr.: p. 229-260. és a lábjegyzetekben
=650  04$aösszehasonlító nyelvészet$xmagyar nyelv$xnémet nyelv$xmetonímia
=710  2\$aEötvös Loránd Tudományegyetem (Budapest)$bBölcsészettudományi Kar$bGermanisztikai Intézet$eközread.
=830  \0$aBudapester Beiträge zur Germanistik$x0138-905X$v80.
=852  \\$aBritish Library$bHMNTS
=856  41$uhttp://doi.org/10.21862/Metonymie_2021$zTeljes szöveg
=CAT  \\$a16245$b40$c20230313$lBLL01$h1307
=CAT  \\$aW2308-1659$c20230923$lBLL01$h1141
=FMT  \\$a  BK
=LAS  \\$aW2308-1659$b00$c20230923$lBLL01$h1141
=SID  \\$aZ39$bOCLC

