=LDR  01983cam a22003977i 4500
=001  021009383
=003  Uk
=005  20230330154006.0
=008  220830s2022\\\\hu\a\\\\\b\\\\001\0\hun\d
=020  \\$a9789634149064
=020  \\$a9634149065
=024  7\$a10.56037/978-963-414-906-4$2doi
=035  \\$a(OCoLC)1349170891
=040  \\$aHUASL$bhun$cHUASL
=041  1\$ahun$hlat
=100  1\$aEiseler, Lorenz
=245  10$aEpinicion carmen in laudem... Caroli Rueberi$b: A bécsi Lorenz Eiseler győzelmi éneke a nemes báró, Karl Rueber úr dicséretére és annak diadalára a török felett$cMolnár Dávid fordításában és jegyzeteivel ; Molnár Dávid, Monok István és Tózsa-Rigó Attila tanulmányaival ; [kiad. a Tokaj-Hegyalja Egyetem].
=260  \\$aBudapest$b<<L'>>Harmattan$aSárospatak$bTokaj-Hegyalja Egyetem$c2022
=300  \\$a131 p.$bill.$c24 cm
=490  1\$aEuropica varietas Tokajensis. Acta Universitatis Tokajensis Sárospatakini, Patrimonium culturale. Fontes$x2939-5712$v2.
=500  \\$aTart. a Strasbourgban 1581-ben kiadott könyv fakszimiléjét is
=504  \\$aBibliográfia a tanulmányok végén és a lábjegyzetben
=650  04$aújkori latin irodalom$xvers$y16. század
=650  04$aújkori latin irodalom története$xművelődéstörténet
=700  1\$aMolnár, Dávid,$eford.,$ejegyz.
=700  1\$aMonok, István$d1956-$eközrem.
=700  1\$aTózsa-Rigó, Attila$eközrem.
=710  2\$aTokaj-Hegyalja Egyetem (Sárospatak)$eközread.
=830  \0$aEuropica varietas Tokajensis$pActa Universitatis Tokajensis Sárospatakini, Patrimonium culturale$pFontes$x2939-5712$v2.
=852  \\$aBritish Library$bHMNTS
=856  41$uhttps://doi.org/10.56037/978-963-414-906-4$zTeljes szöveg
=CAT  \\$a16245$b40$c20230330$lBLL01$h1540
=CAT  \\$aW2308-1659$c20230923$lBLL01$h1142
=FMT  \\$a  BK
=LAS  \\$aW2308-1659$b00$c20230923$lBLL01$h1142
=SID  \\$aZ39$bOCLC

