=LDR  01371 am a2200397 i 4500
=001  016876059
=003  Uk
=005  20140929154230.0
=008  140809s2014\\\\gw\ad\\\\b\\\\000\0\eng\d
=020  \\$a9783659572869
=020  \\$a3659572861
=040  \\$aUk$beng$cUk$erda
=042  \\$aukblsr
=100  1\$aOrel, V. Ė.$q(Valeriĭ Ėmmanuilovich),$eauthor.
=245  10$aCancer Magnetic Nanotherapy /$cValerii Orel, Andriy Romanov.
=264  \1$aSaarbrücken :$bLAP LAMBERT Academic Publishing,$c2014.
=300  \\$a152 pages :$billustrations, charts ;$c21 cm
=336  \\$atext$2rdacontent
=337  \\$aunmediated$2rdamedia
=338  \\$avolume$2rdacarrier
=504  \\$aIncludes bibliographical references.
=650  \0$aCancer$xTreatment.
=650  \0$aTumors$xTreatment.
=650  \0$aRadiochemistry.
=650  \0$aOncology, Experimental.
=700  1\$aRomanov, Andriy,$eauthor.
=852  41$aBritish Library$bHMNTS
=856  40$uhttp://nbn-resolving.de/urn:nbn:de:101:1-201408096392$xResolving-System
=856  \0$uhttp://d-nb.info/1054890706/34$xLangzeitarchivierung Nationalbibliothek
=856  4\$uhttps://www.lap-publishing.com$xVerlag
=CAT  \\$a11853$b40$c20140929$lBLL01$h1540
=CAT  \\$a11853$b40$c20140929$lBLL01$h1542
=FIN  \\$aY$d20140929
=FMT  \\$a  BK
=LAS  \\$a11853$b40$c20140929$lBLL01$h1542
=SID  \\$aZ39$bOCLC

