=LDR  01411 am a22003611i 4500
=001  016600891
=003  Uk
=005  20150925094650.0
=008  150529s2011\\\\enka\\\\\\\\\\000|f|eng|d
=015  \\$aGBB5D6901$2bnb
=020  \\$a9780906374092 (paperback) :$cNo price
=040  \\$aStDuBDS$beng$cStDuBDS$erda
=042  \\$aukblsr
=082  04$a823.914$223
=100  1\$aLorant, Tessa,$eauthor.
=245  10$aLadybird fly /$cTessa Lorant Warburg.
=264  \1$aSouthampton :$bThe Thorn Press,$c2011.
=300  \\$a422 pages :$billustrations (black and white) ;$c23 cm
=336  \\$atext$2rdacontent
=336  \\$astill image$2rdacontent
=337  \\$aunmediated$2rdamedia
=338  \\$avolume$2rdacarrier
=852  41$aBritish Library$bHMNTS
=856  4\$uhttp://www.insuranceeurope.eu/publications/publications-web$zTo search
=856  40$uhttp://www.insuranceeurope.eu/index.php?mact=Publications,cntnt01,default,0&cntnt01showKeywordsFilter=1&cntnt01hidePublicationsYearsFilter=1&cntnt01limit=20&cntnt01orderby=published_on%20DESC&cntnt01category=3&cntnt01type=Publication&cntnt01returnid=72
=985  \\$aNETCAT record
=CAT  \\$a8201E$b40$c20140110$lBLL01$h1605
=CAT  \\$a8201$b40$c20140113$lBLL01$h0909
=CAT  \\$aBATCH-SURR$b00$c20150925$lBLL01$h0944
=FIN  \\$aY$d20150925
=FMT  \\$a  BK
=LAS  \\$aBATCH-SURR$b00$c20150925$lBLL01$h0944
=SRC  \\$aNETCAT$bnetcatprn4.20150925

