=LDR  00959 am a22002777a 4500
=001  013040955
=003  Uk
=005  20041119085828.0
=008  041117r20042003xxu\\\\\r\\\\\000\0\eng\\
=040  \\$aUk$beng$cUk
=100  1\$aRohr, Kimberly D.
=245  10$aU.S. experience with sprinklers /$cKimberly D. Rohr.
=260  \\$aQuincy :$bNational Fire Protection Association,$c2003.
=336  \\$atext$2rdacontent
=337  \\$aunmediated$2rdamedia
=338  \\$avolume$2rdacarrier
=500  \\$aPrintout. [London : British Library], printed 17 November 2004. iii, 66 p. ; 30 cm.
=710  2\$aNational Fire Protection Association.
=852  41$aBritish Library$bDSC
=856  41$uhttp://www.nfpa.org/assets/files/MbrSecurePDF/os.Sprinkler01.PDF
=CAT  \\$a8157$b40$c20041117$lBLL01$h1359
=CAT  \\$a8141$b40$c20041119$lBLL01$h0858
=CAT  \\$aWR15_124$c20150910$lBLL01$h1606
=FIN  \\$aY
=FMT  \\$a  BK
=LAS  \\$aWR15_124$b00$c20150910$lBLL01$h1606

