=LDR  01804cam a2200409 a 4500
=001  013212080
=003  Uk
=005  20230423083656.0
=008  031106s2002\\\\caua\\\\\b\\\\000\0\eng\d
=040  \\$aVVK$cVVK$dOCLCQ
=043  \\$an-us---
=245  00$aIdentifying and responding to domestic violence :$bconsensus recommendations for child and adolescent health /$cwritten by Betsy Mcalister Groves ... [et al.].
=260  \\$aSan Francisco, Calif. :$bFamily Violence Prevention Fund,$c[2002]
=300  \\$a77 p. :$bill. ;$c28 cm.
=336  \\$atext$2rdacontent
=337  \\$aunmediated$2rdamedia
=338  \\$avolume$2rdacarrier
=500  \\$a"September 2002."
=504  \\$aIncludes bibliographical references.
=505  0\$aPart one: overview -- Part two: dilemmas faced by providers -- Part three: consensus recommendations -- Part four: preparing your child health practice -- Appendices.
=530  \\$aAlso available via the World Wide Web.
=538  \\$aSystem requirements: Adobe Acrobat Reader.
=650  12$aDomestic Violence$xprevention & control$zUnited States.
=650  12$aChild Abuse$xprevention & control$zUnited States.
=650  22$aAdolescent Health Services$xorganization & administration$zUnited States.
=650  22$aChild Health Services$xorganization & administration$zUnited States.
=650  22$aChild Welfare$zUnited States.
=700  1\$aGroves, Betsy McAlister.
=710  2\$aFamily Violence Prevention Fund (U.S.)
=852  41$aBritish Library$bDSC
=856  41$uhttp://endabuse.org/programs/healthcare/files/Pediatric.pdf
=CAT  \\$a8157$b40$c20050602$lBLL01$h0957
=CAT  \\$a14185$b40$c20230423$lBLL01$h0836
=CAT  \\$aW2308-1659$c20230923$lBLL01$h0920
=FMT  \\$a  BK
=LAS  \\$aW2308-1659$b00$c20230923$lBLL01$h0920
=SID  \\$aZ39$bOCLC

