=LDR  01661 am a22004697a 4500
=001  013423810
=003  Uk
=005  20060313135858.0
=008  041222s2004\\\\fr\a\\\\\b\\\i000\0\eng\\
=020  \\$a9264015469 (pbk.)
=040  \\$aLWU$cLWU$dDLM$dGZM$dIUL$dUk
=043  \\$ae-fr---
=050  \4$aHD3616.F83$bF67 2004
=245  00$aFrance :$bcharting a clearer way forward.
=246  3\$aCharting a clearer way forward
=246  1\$iFrench title on t.p. verso:$aVers des orientations stratégiques plus claires
=260  \\$aParis :$bOECD,$cc2004.
=300  \\$a200 p. :$bcol. ill. ;$c27 cm.
=336  \\$atext$2rdacontent
=337  \\$aunmediated$2rdamedia
=338  \\$avolume$2rdacarrier
=490  1\$aOECD reviews of regulatory reform
=504  \\$aIncludes bibliographical references (p. 199-200) and appendices.
=650  \0$aTrade regulation$zFrance.
=650  \0$aDeregulation$zFrance.
=650  \0$aIndustrial policy$zFrance.
=651  \0$aFrance$xCommercial policy.
=651  \0$aFrance$xEconomic conditions$y1995-
=651  \0$aFrance$xEconomic policy$y1995-
=710  2\$aOrganisation for Economic Co-operation and Development.
=830  \0$aOECD reviews of regulatory reform.
=852  41$aBritish Library$bHMNTS
=856  41$uhttp://new.sourceoecd.org/9264015469
=CAT  \\$a10775$b40$c20060313$lBLL01$h0754
=CAT  \\$a10746$b40$c20060313$lBLL01$h1358
=CAT  \\$aBATCH$b00$c20091217$lBLL01$h0415
=CAT  \\$aBATCH$b00$c20100103$lBLL01$h1209
=CAT  \\$aBATCH-UPD$b00$c20160127$lBLL01$h1805
=FIN  \\$aY$d20060313
=FMT  \\$a  BK
=LAS  \\$aBATCH-UPD$b00$c20160127$lBLL01$h1805
=SID  \\$aZ39$bOCLC

