=LDR  01666 am a2200361 i 4500
=001  013435168
=003  Uk
=005  20060327121214.0
=008  051221s2005\\\\nyuad\\\\\\\\\000\0\eng\d
=020  \\$a1891385356 (v.1)
=020  \\$a1891385364 (v.2)
=020  \\$a189138547X (v.3)
=020  \\$a1891385372 (v.4)
=040  \\$aXFM$cXFM$dBAKER
=245  00$aTelevision across Europe :$bregulation, policy, and independence /.
=260  \\$aBudapest$aNew York [N.Y.] :$bOpen Society Institute,$c2005.
=300  \\$a4 v. :$bill., charts ;$c24 cm.
=336  \\$atext$2rdacontent
=337  \\$aunmediated$2rdamedia
=338  \\$avolume$2rdacarrier
=490  0\$aMonitoring reports.
=500  \\$aThe reports include regional overviews and 20 individual reports focusing on the state of television - both public service and commercial brroadcasting. The countries monitored include the whole of Central and Eastern Europe, South-eastern europe, selected Western European countries and Turkey.
=505  0\$av.1 Overview and Albania, Bosnia and Herzegovina, Bulgaria, Croatia, Czech Republic, Estonia - - v.2 France, Germany, Hungary, Italy, Latvia, Lithuania, Poland - - v.3 Republic of Macedonia, Romania, Serbia, Slovakia, Slovenia, Turkey, United Kingdom - - v.4 Summary.
=650  \0$aTelevision broadcasting$zEurope
=650  \0$aTelevision broadcasting policy$zEurope
=710  2\$aOpen Society Institute.
=852  41$aBritish Library$bHMNTS
=856  40$uhttp://www.eumap.org.
=CAT  \\$a9477$b40$c20060327$lBLL01$h1212
=CAT  \\$aBATCH$b00$c20091225$lBLL01$h0202
=FMT  \\$a  BK
=LAS  \\$aBATCH$b00$c20091225$lBLL01$h0202
=SID  \\$aZ39$bOCLC

