=LDR  01837 am a22004217a 4500
=001  013469324
=003  Uk
=005  20060516131219.0
=006  m\\\\|\\\d\|\\\\\\
=007  co||||||||||||
=008  060516s2004\\\\xxu||||\s||||o00|\0\eng\\
=020  \\$a0607979224
=040  \\$aUk$beng$cUk
=245  00$aDepth to the Juan De Fuca slab beneath the Cascadia subduction margin$h[electronic resource] :$ba 3-D model for sorting earthquakes /$cby Patricia A. McCrory ... [et al.].
=260  \\$a[Reston, Va.] :$bU.S. Geological Survey,$c2004.
=300  \\$a1 CD-ROM$bcol. ;$c4 3/4 in.
=336  \\$atext$2rdacontent
=337  \\$acomputer$2rdamedia
=338  \\$acomputer disc$2rdacarrier
=490  1\$aData series ;$v91
=500  \\$aTitle from PDF title screen.
=530  \\$aAlso available via the Internet.
=538  \\$aSystem requirements : IBM compatible PC; Pentium processor; 64 MB RAM; Windows 95 OSR 2.0 or later; Adobe Acrobat 5.0 or later.
=538  \\$aSystem requirements, Macintosh: PowerPC processor; 64 MB RAM; Mac OS version 8.6, 9.0.4, 9.1, 9.2 or OS X; Adobe Acrobat 5.0 or later.
=538  \\$aSystem requirements: UNIX (almost any UNIX system-based or Linux workstation can read these files).
=650  \0$aGeology, Structural$zJuan de Fuca, Strait of (B.C. and Wash.)$vMaps.
=650  \0$aGeology, Structural$zNorthwest, Pacific$vMaps.
=650  \0$aEarthquakes$zNorthwest, Pacific$vMaps.
=700  1\$aMcCrory, Patricia Alison.
=710  2\$aGeological Survey (U.S.)
=830  \0$aData series (Geological Survey (U.S.)) ;$v91.
=852  \\$aBritish Library$bHMNTS
=856  40$uhttp://pubs.usgs.gov/ds/91/
=CAT  \\$a8141$b40$c20060516$lBLL01$h1312
=CAT  \\$aBATCH-UPD$b40$c20160424$lBLL01$h2141
=FIN  \\$aY$d20060516
=FMT  \\$a  BK
=LAS  \\$aBATCH-UPD$b40$c20160424$lBLL01$h2141

