=LDR  02073 am a2200457 a 4500
=001  013661780
=003  Uk
=005  20070214141817.0
=008  070207s2006\\\\gw\ab\\\\b\\\\000\0\eng\d
=035  \\$a(OCoLC)82185873
=040  \\$aUk$beng$cUk
=041  0\$aeng$bger
=042  \\$aukblsr
=082  04$a551.6609575$222
=100  1\$aKutzbach, Lars.
=245  14$aThe exchange of energy, water and carbon dioxide between wet Arctic tundra and the atmosphere at the Lena River delta, Northern Siberia =$bDer Austausch von Energie, Wasser und Kohlendioxid zwischen arktischer Feuchtgebiets-Tundra und der Atmosphäre im nordsibirischen Lena Delta /$cLars Kutzbach.
=246  31$aAustausch von Energie, Wasser und Kohlendioxid zwischen arktischer Feuchtgebiets-Tundra und der Atmosphäre im nordsibirischen Lena Delta
=260  \\$aBremerhaven :$bAlfred-Wegener-Institut für Polar- und Meeresforschung,$c2006.
=300  \\$axvi, 141 p. :$bill., maps ;$c24 cm.
=336  \\$atext$2rdacontent
=337  \\$aunmediated$2rdamedia
=338  \\$avolume$2rdacarrier
=490  1\$aBerichte zur Polar- und Meeresforschung,$x1618-3193 ;$v541
=500  \\$aOriginally presented as the author's thesis (doctoral)--Universität Hamburg, 2006.
=504  \\$aIncludes bibliographical references (p. 119-137).
=530  \\$aAlso available via the internet
=546  \\$aSummary also in German.
=650  \0$aMicrometeorology$zRussia (Federation)$zLena River Delta.
=830  \0$aBerichte zur Polar- und Meeresforschung,$x1618-3193 ;$v541
=852  \\$aBritish Library$bDSC
=852  11$aBritish Library$bSTI$k(P)$hCA 714$m-G(12)$2blsrissc
=856  41$uhttp://www.sub.uni-hamburg.de/opus/frontdoor.php?source_opus=3177
=CAT  \\$a6098$b40$c20070207$lBLL01$h1032
=CAT  \\$a6098$b40$c20070207$lBLL01$h1034
=CAT  \\$a11317$b40$c20070214$lBLL01$h1418
=CAT  \\$aBATCH$b00$c20091217$lBLL01$h0446
=CAT  \\$aBATCH$b00$c20100103$lBLL01$h1239
=FIN  \\$aY$d20070214
=FMT  \\$a  BK
=LAS  \\$aBATCH$b00$c20100103$lBLL01$h1239
=SID  \\$aZ39$bOCLC

