=LDR  01648 as a2200445 a 4500
=001  013697423
=003  Uk
=005  20190315133731.0
=008  060620c20029999pl\fx\\\\b\\\\0\\\\0pol\d
=010  \\$a2006236072
=022  \\$a1895-6114
=035  \\$a(OCoLC)70141035
=040  \\$aHLS$cHLS$dNUKAT
=042  \\$alcd
=043  \\$ae-pl---
=245  00$aBibliografia dokumentów kartograficznych /$cBiblioteka Narodowa, Zakład Zbiorów Kartograficznych.
=246  15$aPolish national bibliography.$pBibliography of cartographic materials
=246  30$aBibliografia dokumentów kartograficznych
=246  30$aBibliography of cartographic materials
=260  \\$aWarszawa :$bBiblioteka Narodowa,$c2005-
=300  \\$av. ;$c20 cm.
=310  \\$aTwo issues a year
=336  \\$atext$2rdacontent
=337  \\$aunmediated$2rdamedia
=338  \\$avolume$2rdacarrier
=362  0\$a2002, nr 1-
=650  \0$aCartographic materials$zPoland$vBibliography$vPeriodicals.
=650  \7$aKartografia$zPolska$vczasopisma$vbibliografia.$2jhpk
=710  2\$aBiblioteka Narodowa (Poland).$bZakład Zbiorów Kartograficznych.
=852  41$aBritish Library$bHMNTS$3No. 1 (2002)-no. 2 (2002)
=856  \\$uhttps://www.bn.org.pl/bibliografie/bibliografia-narodowa/bibliografia-dokumentow-kartograficznych/numery-do-pobrania/
=948  \\$hNO HOLDINGS IN BLX - 2 OTHER HOLDINGS
=994  \\$aZ0$bBLX
=CAT  \\$a12420$b40$c20070316$lBLL01$h1619
=CAT  \\$a10695$b40$c20151215$lBLL01$h0936
=CAT  \\$a7983$b40$c20190315$lBLL01$h1337
=FMT  \\$a  SE
=LAS  \\$a7983$b40$c20190315$lBLL01$h1337
=SID  \\$aZ39$bOCLC
=TCO  \\$aXXX$c008

