=LDR  03059cam a2200613 i 4500
=001  020066983
=003  Uk
=005  20230925235504.0
=008  210118s2022\\\\le\ac\\\\\\\\|0|0\0|eng\\
=040  \\$aUk$beng$cUk$erda
=041  1\$aeng$aara
=100  1\$aAbdouni, Mohamad,$ephotographer,$eeditor.
=245  10$aTreat me like your mother :$bTrans* histories from Beirut's forgotten past /$cMohamad Abdouni ; edited by Joy Stacey and Rayyan Abdelkhalek.
=264  \1$aBeirut :$bCold Cuts,$c2022.
=300  \\$a1 volume :$billustrations ;$c31 cm.
=336  \\$atext$2rdacontent
=336  \\$astill image$2rdacontent
=337  \\$aunmediated$2rdamedia
=338  \\$avolume$2rdacarrier
=490  0\$aCold Cuts
=500  \\$a"First pressing, March 2022."
=500  \\$a"This fourth edition of Cold Cuts pays tribute to trans* women, "tanteit" (fr; ladies, aunties) and femme men who have been largely erased from Beirut's history. Working with LGBTQI+ NGO Helem, we spoke to and photographed ten ladies aged between their late thirties and late fifties, all with very different stories that collectively paint an unprecedented picture of Beirut's past. We decided to do this because older members of the LGBTQI+ community are often invisible in a city where LGBTQI+ people are increasingly under the spotlight."--Back cover.
=500  \\$a"This edition was made possible by the infinite talent and generosity of all our contributors and people listed here, as well as with the support of: Helem, Arab Image Foundation, Studio Safar, Norway in Lebanon, Station, Mophradat."
=546  \\$aText in English and Arabic.
=650  \0$aTransgender women$zLebanon$zBeirut$y20th century.
=650  \0$aTransgender women$zLebanon$zBeirut$y21st century.
=655  \7$aTrans women.$2homoit$0https://homosaurus.org/v3/homoit0001642
=700  1\$aStacey, Joy,$eeditor.
=700  1\$aAbdelkhalek, Rayyan,$eeditor.
=710  2\$aJamʿīyat Ḥilm.
=710  2\$aFondation Arabe pour l'image.
=710  2\$aMophradat.
=752  \\$aLebanon$dBeirut.
=852  41$aBritish Library$bOC
=856  4\$uhttps://www.coldcutsonline.com/s/Treat-Me-Like-Your-Mother-Digital-Pressing-web.pdf
=985  \\$aordered DL 15/01/2021 arrived 13/12/2022
=CAT  \\$a13943$b40$c20210118$lBLL01$h1608
=CAT  \\$a13943$b40$c20210118$lBLL01$h1610
=CAT  \\$a13943$b40$c20210118$lBLL01$h1612
=CAT  \\$a13943$b40$c20221213$lBLL01$h1246
=CAT  \\$a13943$b40$c20221213$lBLL01$h1302
=CAT  \\$a13943$b40$c20221213$lBLL01$h1304
=CAT  \\$a13943$b40$c20221213$lBLL01$h1305
=CAT  \\$a13943$b40$c20221213$lBLL01$h1307
=CAT  \\$a13943$b40$c20221213$lBLL01$h1309
=CAT  \\$a13943$b40$c20221213$lBLL01$h2024
=CAT  \\$a13943$b40$c20221213$lBLL01$h2025
=CAT  \\$a13943$b40$c20230215$lBLL01$h1404
=CAT  \\$a13943$b40$c20230527$lBLL01$h0134
=CAT  \\$a13943$b40$c20230925$lBLL01$h2354
=CAT  \\$a13943$b40$c20230925$lBLL01$h2355
=FIN  \\$aY$d20221213
=FMT  \\$a  BK
=LAS  \\$a13943$b40$c20230925$lBLL01$h2355

