=LDR  01631 as a22004097i 4500
=001  018546230
=003  Uk
=005  20171005184032.0
=007  ta
=008  171005c19749999le\dr\n\\\\\\\0\\\a0ara\\
=035  \\$a(OCoLC)31479815
=040  \\$aUk$beng$cUk$erda
=222  \3$6880-01$aal-Safīr
=245  03$6880-02$aal-Safīr$b= As-safir.
=246  1\$6880-03$aSafīr :$byawmīyah siyāsīyah ʻArabīyah
=246  1\$6880-04$aSafīr :$bsawt alladhīna
=246  1\$aSafir :$bArabic political daily
=264  \1$6880-05$aBayrūt :$bDār al-ʻUrwah al-Wuthqá lil-Ṣiḥāfah wa-al-Nashr,$c1974-
=300  \\$avolumes :$billustrations ;$c58 cm
=336  \\$atext$2rdacontent
=337  \\$aunmediated$2rdamedia
=338  \\$avolume$2rdacarrier
=530  \\$aLatest issue also available online via the World Wide Web.
=651  \0$aBeirut (Lebanon)$vNewspapers.
=651  \0$aLebanon$vNewspapers.
=752  \\$aLebanon$dBeirut
=852  41$aBritish Library$bOC$3Holdings : 5010 (29 June 1988), 5022-5023 (12-13 July 1988), 5025-5026 (15-16 July 1988), 5071-5072 (9-10 September 1988).
=856  41$uhttps://assafir.com
=880  \2$6222-01$aالسفير
=880  1\$6246-03$aسفير :$bيومية سياسية عربية
=880  1\$6246-04$aسفير :$bصوت الذين لا صوت لهم
=880  02$6245-02$aالسفير =$bAs-safir.
=880  \1$6264-05$aبيروت :$bدار العروة الوثقى للصحافة والنشر,$c1974-
=CAT  \\$a13943$b40$c20171005$lBLL01$h1820
=CAT  \\$a13943$b40$c20171005$lBLL01$h1840
=FMT  \\$a  SE
=LAS  \\$a13943$b40$c20171005$lBLL01$h1840

