=LDR  03373nam a2200529 i 4500
=001  020464906
=003  Uk
=005  20220121180139.0
=008  160617s2014\\\\ru\\\\\\\b\\\\000\0\rus\d
=040  \\$aNOC$beng$cNOC$dOCLCF$dZCU$dOCLCO$erda
=042  \\$aukblsr
=090  \\$aBX590.I88$bK7
=245  00$6880-01$aSbornik stateĭ po materialam gazety Istrinskogo blagochinii︠a︡ "Dukhovnai︠a︡ niva".
=264  \1$6880-02$aIstra :$bKraevedcheskiĭ proekt "Utrachennyĭ bozhiĭ dom,$c2014.
=300  \\$a92 pages :$billustrations, portraits ;$c30 cm
=336  \\$atext$2rdacontent
=337  \\$aunmediated$2rdamedia
=338  \\$avolume$2rdacarrier
=490  1\$aKraevedcheskiĭ proekt "Utrachennyĭ bozhiĭ dom" ;$vvypusk 1
=650  \0$aOrthodox Eastern church buildings$zRussia (Federation)$zIstra$xHistory.
=650  \0$aChurch buildings$xVandalism$zRussia (Federation)$zIstra.
=650  \0$aPersecution$zSoviet Union.
=650  \0$aOffenses against religion$zSoviet Union.
=700  1\$aNosikov, S. P.$q(Sergeĭ Pavlovich).
=700  1\$aMamaev, S. I︠U︡.$q(Sergeĭ I︠U︡rʹevich).
=700  1\$6880-08$aMalkin, P. V.$q(Pavel Vladimirovich)
=776  1\$6880-09$tUtrachennyĭ bozhiĭ dom: t︠s︡erkvi i chasovni Istrinskogo raĭona, razrushennye v gody sovetskoĭ vlasti.
=787  1\$6880-10$tDukhovnai︠a︡ niva (Istra, Russia)
=852  41$aBritish Library$bHMNTS
=856  41$uhttp://www.istra-ltc.ru/paper.htm
=880  00$6245-01$aКраеведческий проект "Утраченный божий дом" :$bсборник статей по материалам газеты Истринского благочиния "Духовная нива".
=880  17$6246-02$aУтраченный божий дом
=880  10$6246-03$aСборник статей по материалам газеты Истринского благочиния "Духовная нива"
=880  \1$6264-04$aИстра :$bКраеведческий проект "Утраченный божий дом,$c2014-
=880  \\$6580-05$aOriginally published as newspaper articles in Духовная нива, 2012, Nо 5 (август 2012) = 61-<2014, Nо 5 (октябрь 2014) = 76 >, revised and reissued online as Утраченный божий дом: церкви и часовни Истринского района, разрушенные в годы советской власти, специальное издание, выпуск Nо 1, 2013 год-<Nо 19, 2014 год>, which became wholly online publication, No 20, 2014 год- .
=880  1\$6700-06$aНосиков, С. П.$q(Сергей Павлович)
=880  1\$6700-07$aМамаев, С. Ю.$q(Сергей Юрьевич)
=880  1\$6700-08$aМалкин, П. В.$q(Павел Владимирович)
=880  1\$6776-09$tУтраченный божий дом: церкви и часовни Истринского района, разрушенные в годы советской власти.
=880  1\$6787-10$tДуховная нива (Istra, Russia)
=948  \\$hNO HOLDINGS IN BLX - 3 OTHER HOLDINGS
=994  \\$aZ0$bBLX
=CAT  \\$a11853$b40$c20220121$lBLL01$h1801
=CAT  \\$aBATCH-UPD$b40$c20220121$lBLL01$h1802
=FMT  \\$a  BK
=LAS  \\$aBATCH-UPD$b40$c20220121$lBLL01$h1802
=SID  \\$aZ39$bOCLC

