=LDR  04920 as a22007097i 4500
=001  018918666
=003  Uk
=005  20180622161321.0
=007  ta
=008  751101c19299999cauen\ne\\\\\\0\\\a0eng\c
=010  \\$asn 78001106 $zsn 94099698 
=022  1\$a0030-8579$l0030-8579$21
=032  \\$a417380$bUSPS
=035  \\$a(OCoLC)1774036$z(OCoLC)33327283
=040  \\$aMUL$beng$cMUL$dHUL$dNSD$dDLC$dOCL$dUNP$dDLC$dYOX$dNSD$dNST$dCNK$dYOX$dCNK$dDLC$dCRL$dCVF$dDLC$dCNK$dDLC$dOCLCQ$dDLC$dCUV$dOCLCQ$dCNK$dDLC$dOCLCQ$dCUS$dOCLCF$dOCLCO$dCRL$dCUV$dOCLCA$dUk$erda
=042  \\$aukblderived
=043  \\$an-usp--$an-us-ca
=050  00$aNewspaper
=222  \0$aPacific citizen
=245  04$aThe Pacific citizen.
=264  \1$aSan Francisco, Calif. :$bNew American Citizens' League of San Francisco
=300  \\$avolumes :$billustrations ;$c43 cm
=310  \\$aBiweekly,$b<Oct. 20-Nov. 2, 2000->
=321  \\$aFrequency varies,$b<Mar. 1942-Oct. 6-12, 2000>
=321  \\$aMonthly,$bNov. 1932-<Feb. 1942>
=336  \\$atext$btxt$2rdacontent
=337  \\$aunmediated$bn$2rdamedia
=338  \\$avolume$bnc$2rdacarrier
=362  1\$aBegan in Nov. 1929.
=500  \\$aPublication moved to San Francisco, Calif., <Nov. 1932-Apr. 1933>; Seattle, Wash., <Mar. 1935-May 1939>; San Francisco, <Oct. 1940-Mar. 1, 1942>, Salt Lake City, Utah, <June 4, 1942>-Sept. 27, 1952; Los Angeles, Calif., Oct. 4, 1952-Dec. 17, 1993/Jan. 6, 1994; Monterey Park, Calif., Jan. 7/20, 1994-
=515  \\$aLast issue of the year for Dec. 1951- called "Holiday Issue."
=530  \\$aAvailable on microfilm from Bay Microfilm, UMI, BMI Imaging Systems, and Library of Congress, Photoduplication Service.
=530  \\$aSome issues available online.
=530  \\$aMaster negatives are available for duplication from:$bCalifornia Newspaper Microfilm Archive;$cpositive copies may be purchased by the reel; for further information consult the CNMA at:$uhttp://cbsr.ucr.edu
=550  \\$aOrgan of: New American Citizens' League of San Francisco, <Nov. 1932-Apr. 1933>; Japanese American Citizens' League, <Mar. 1935-1971>
=588  \\$aDescription based on: Vol. 4, no. 60 (Nov. 1932).
=588  \\$aLatest issue consulted: Vol. 148, no. 2 (Feb. 6, 2009).
=650  \0$aJapanese Americans$zWest (U.S.)$vNewspapers.
=650  \7$aJapanese Americans.$2fast$0(OCoLC)fst00981441
=651  \0$aSan Francisco (Calif.)$vNewspapers.
=651  \0$aSeattle (Wash.)$vNewspapers.
=651  \0$aSalt Lake City (Utah)$vNewspapers.
=651  \0$aLos Angeles (Calif.)$vNewspapers.
=651  \0$aMonterey Park (Calif.)$vNewspapers.
=651  \7$aCalifornia$zLos Angeles.$2fast$0(OCoLC)fst01204540
=651  \7$aCalifornia$zMonterey Park.$2fast$0(OCoLC)fst01223499
=651  \7$aCalifornia$zSan Francisco.$2fast$0(OCoLC)fst01204481
=651  \7$aUnited States, West.$2fast$0(OCoLC)fst01243255
=651  \7$aUtah$zSalt Lake City.$2fast$0(OCoLC)fst01205314
=651  \7$aWashington (State)$zSeattle.$2fast$0(OCoLC)fst01204940
=655  \7$aNewspapers.$2fast$0(OCoLC)fst01423814
=710  2\$aJapanese American Citizens' League,$eauthor.
=752  \\$aUnited States$bCalifornia$cLos Angeles$dLos Angeles.
=752  \\$aUnited States$bCalifornia$cSan Francisco$dSan Francisco.
=776  08$iOnline version:$tPacific citizen$w(OCoLC)980347277
=780  00$tNikkei shimin$w(DLC)sn 84020473$w(OCoLC)10871673
=852  41$aBritish Library$bHMNTS$3Vol. 12 no. 1 Jun. (1940), vol. 15 no. 1 Jun. 04 (1942), vol. 17 no, 8 Aug. 28 (1943), vol. 17 no. 11 Sept. 18 (1943), vol. 18 no. 5 Feb. 05 (1944), vol. 19 no. 8 Aug. 26 (1944), vol. 20 no. 7 Feb. 17 (1945),vol. 20 no. 8 Feb. 24 (1945), vol. 20 no. 11 Mar. 17 (1945), vol. 20 no. 16 Apr, 21 (1945), vol. 21 no. 7 Aug. 18 (1945), vol. 21 no. 9 Sept.01 (1945), vol. 21 no. 10 Sept. 08 (1945), vol. 21 no. 11 Sept. 15 (1945), vol. 21 no. 18 Nov. 03 (1945), vol. 21 no. 20 Nov. 17 (1945), vol. 21 no. 21 Nov. 24 (1945), vol. 21 no. 26 Dec. 29 (1945), vol. 22 no. 1 Jan. 05 (1946), vol. 22 no. 3 Jan. 19 (1946), vol. 22 no. 4 Jan. 26 (1946) 2 copies, vol. 22 no. 5 Feb. 02 (1946), vol. 22 no.8 Feb. 23 (1946), vol. 22 no. 13 Mar. 30 (1946), vol. 22 no. 18 May 04 (1946), vol. 22 no. 19 May 11 (1946), vol. 22 no. 20 May 18 (1946), vol. 22 no. 25 Jun. 08 (1946), vol. 22 no. 25 Jun. 22 (1946), vol. 22 no.26 Jun. 29 (1946), vol. 23 no. 3 Jul. 20 (1946), vol. 23 no. 7 Aug. 17 (1946), vol. 23 no. 8 Aug. 24 (1946), vol. 26 no. 9 Aug. 31 (1946), vol. 23 no. 13 Oct. 05 (1946), vol. 23 no. 14 Oct. 12 (1946), vol. 23 no. 15 Oct. 19 (1946), vol. 28 no. 17 Nov. 02 (1946),vol. 28 no. 19 Nov. 16 (1946), vol. 28 no. 22 Dec. 07 (1946), vol. 28 no. 23 Dec. 14 (1946), vol. 29 no. 1 Jan. 11 (1947).
=856  41$uhttp://www.pacificcitizen.org/digital-archives/
=CAT  \\$a3563$b40$c20180622$lBLL01$h1613
=FMT  \\$a  SE
=LAS  \\$a3563$b40$c20180622$lBLL01$h1613
=SID  \\$aZ39$bOCLC

