=LDR  01114 am a2200349 i 4500
=001  018085703
=003  Uk
=005  20161103115313.0
=008  790606s1975\\\\ru\a\\\\\\\\\\000\0\rusrd
=040  \\$aUk$beng$cUk$erda
=042  \\$aukblsr
=100  1\$aBozhko, A. N.$q(Andreĭ Nikolaevich),$eauthor.
=245  10$aGod v "Zvezdolete" /$cA. Bozhko, V. Gorodinskai︠a︡.
=264  \1$aMoskva :$bMolodai︠a︡ gvardii︠a︡,$c1975.
=300  \\$a158 pages :$billustrations ;$c21 cm.
=336  \\$atext$2rdacontent
=337  \\$aunmediated$2rdamedia
=338  \\$avolume$2rdacarrier
=490  1\$aĖvrika
=650  \0$aAstronautics$vPopular works.
=650  \0$aArtificial satellites.
=700  1\$aGorodinskai︠a︡, Violetta,$eauthor.
=830  \0$aĖvrika.
=852  41$aBritish Library$bHMNTS
=856  \\$uhttps://www.litmir.co/br/?b=148717&p=1
=CAT  \\$a11853$b40$c20161103$lBLL01$h1026
=CAT  \\$a11853$b40$c20161103$lBLL01$h1027
=CAT  \\$a11853$b40$c20161103$lBLL01$h1153
=FIN  \\$aY$d20161103
=FMT  \\$a  BK
=LAS  \\$a11853$b40$c20161103$lBLL01$h1153
=SID  \\$aZ39$bOCLC

