=LDR  01904 as a2200505 a 4500
=001  018265430
=003  Uk
=005  20170315105040.0
=007  ta
=008  110330c200u9999ba\wr\pe\\\\\\0\\\f0ara\\
=010  \\$a  2010330517
=035  \\$a(OCoLC)709863177
=040  \\$aDLC$beng$cDLC$dDLC$dOCLCA$dOCLCF$dOCLCO
=042  \\$apcc
=043  \\$aa-ba---
=050  00$aDS247.B2$bA292
=130  0\$6880-01$aWifāq (Jamʿīyat al-Wifāq al-Waṭanī al-Islāmīyah)
=245  13$6880-02$aal-Wifāq =$bAlwefaq.
=246  30$aWefaq
=246  31$aAlwefaq
=260  \\$6880-03$a[Manama] Mamlakat al-Baḥrayn :$bJamʿīyat al-Wifāq al-Waṭanī al-Islāmīyah
=300  \\$av. :$bcol. ill. ;$c35 cm.
=310  \\$aWeekly
=336  \\$atext$2rdacontent
=337  \\$aunmediated$2rdamedia
=338  \\$avolume$2rdacarrier
=530  \\$aAlso issued online.
=588  \\$aDescription based on: al-ʿAdad 151 (16 Yūliyū 2010); title from caption.
=650  \0$aShīʿah$vPeriodicals.
=650  \7$aShīʿah.$2fast$0(OCoLC)fst01117946
=651  \0$aBahrain$vPeriodicals.
=651  \7$aBahrain.$2fast$0(OCoLC)fst01206601
=655  \7$aPeriodicals.$2fast$0(OCoLC)fst01411641
=710  2\$6880-04$aJamʿīyat al-Wifāq al-Waṭanī al-Islāmīyah.
=852  \\$aBritish Library$bOC
=856  41$uhttp://www.alwefaq.org/press/index.php
=880  0\$6130-01//r$aوفاق (Jamʿīyat al-Wifāq al-Waṭanī al-Islāmīyah)
=880  12$6245-02//r$aالوفاق =$bAlwefaq.
=880  \\$6260-03//r$a[Manama] مملكة البحرين :$bجمعية الوفاق الوطني الإسلامية
=880  2\$6710-04//r$aجمعية الوفاق الوطني الإسلامية.
=CAT  \\$a14485$b40$c20170315$lBLL01$h1050
=CAT  \\$aBATCH-ROF$b00$c20170318$lBLL01$h1748
=FMT  \\$a  SE
=LAS  \\$aBATCH-ROF$b00$c20170318$lBLL01$h1748
=SID  \\$aZ39$bOCLC

