=LDR  01741cam a22004457a 4500
=001  015300118
=003  Uk
=005  20090629082013.0
=008  080822s2008\\\\th\a\\\\\\\\\i000\0\eng\d
=020  \\$a9789211205442
=020  \\$a9211205441
=035  \\$a(OCoLC)244273794
=040  \\$aSINLB$cSINLB$dZCU$dEMU
=043  \\$aa------$ap------
=050  \4$aHD9502.A782$bE545 2008
=082  04$a333.79095$a333.79099$222
=086  \\$aST/ESCAP/2494$2undocs
=245  00$aEnergy security and sustainable development in Asia and the Pacific.
=260  \\$aBangkok :$bUnited Nations, Economic and Social Commission for Asia and the Pacific,$c2008.
=300  \\$axx, 216 p. :$bill. ;$c30 cm.
=336  \\$atext$2rdacontent
=337  \\$aunmediated$2rdamedia
=338  \\$avolume$2rdacarrier
=500  \\$a"Biofuels, biomass, coal, fuel cell, gas, geothermal, hydro, nuclear, oil, solar, wind"--Cover.
=500  \\$a"United Nations publication sales no. E.08.II.F.13"--back cover verso.
=530  \\$aAlso available on the World Wide Web.
=650  \0$aPower resources$zAsia.
=650  \0$aPower resources$zPacific Area.
=650  \0$aEnergy industries$zAsia.
=650  \0$aEnergy industries$zPacific Area.
=650  \0$aSustainable development$zAsia.
=650  \0$aSustainable development$zPacific Area.
=710  2\$aUnited Nations.$bEconomic and Social Commission for Asia and the Pacific.
=852  41$aBritish Library$bDSC
=856  41$uhttp://issuu.com/escap-publications/docs/st-escap-2494?mode=embed&layout=http%3A%2F%2Fskin.issuu.com
=CAT  \\$a4861$b40$c20090629$lBLL01$h0820
=CAT  \\$aW2308-1659$c20230923$lBLL01$h1043
=FMT  \\$a  BK
=LAS  \\$aW2308-1659$b00$c20230923$lBLL01$h1043
=SID  \\$aZ39$bOCLC

