=LDR  01294 as a22004097a 4500
=001  015304562
=003  Uk
=005  20090702145018.0
=007  ta
=008  080630c20089999xr\||\p\\\\\\\|\\\\0cze\d
=010  \\$a2009214534
=022  \\$a1802-9884
=035  \\$a(OCoLC)232956721
=040  \\$aUk$beng$cUk
=050  00$aDB2000$b.N37
=222  \0$aNárodní 3
=245  00$aNárodní 3 :$brevue Akademie věd ČR pro vědu a umění.
=246  13$aRevue Akademie věd ČR pro vědu a umění
=260  \\$aPraha :$bStředisko společných činností AV ČR
=310  \\$aQuarterly
=336  \\$atext$2rdacontent
=337  \\$aunmediated$2rdamedia
=338  \\$avolume$2rdacarrier
=362  1\$aBegan with: 2008/1.
=500  \\$aDescription based on: 2008/1; title from cover.
=500  \\$aLatest issue consulted: 2008/2.
=530  \\$aAlso issued in electronic format.
=651  \0$aCzech Republic$xCivilization$vPeriodicals.
=710  2\$aAkademie věd České republiky.
=852  \\$aBritish Library$bHMNTS
=856  41$uhttp://www.narodni3.cz/cs/aktuality/index.html
=CAT  \\$a12123$b40$c20090702$lBLL01$h1450
=FIN  \\$aY$d20090702
=FMT  \\$a  SE
=LAS  \\$a12123$b40$c20090702$lBLL01$h1450
=SID  \\$aZ39$bOCLC
=TCO  \\$aXXX$c008

