=LDR  01642cam a2200481 a 4500
=001  015676656
=003  Uk
=005  20230929221336.0
=008  101015s2010\\\\sz\a\\\\\b\\\\000\0\eng\\
=020  \\$a9789241548014 (pbk.)
=020  \\$a9241548010 (pbk.)
=035  \\$a(OCoLC)670209954
=040  \\$aHNC$cHNC$dHNC$dTPH$dUk
=042  \\$aukblsr
=050  14$aRA643.83$bH69 2010
=060  14$aWA 675
=082  04$a362.196979200973$222
=245  00$aHow to integrate water, sanitation and hygiene into HIV programmes.
=260  \\$aGeneva :$bWorld Health Organization,$cc2010.
=300  \\$axvii, 113 p. :$bill. (somem col.) ;$c26 cm.
=336  \\$atext$2rdacontent
=337  \\$aunmediated$2rdamedia
=338  \\$avolume$2rdacarrier
=504  \\$aIncludes bibliographical references.
=530  \\$aAlso available via the World Wide Web as an Acrobat .pdf file (1.51 MB, 134 p.).
=650  \0$aHIV infections$xPrevention.
=650  \0$aSanitation.
=650  \0$aRural health.
=650  \0$aHygiene.
=690  7\$aSocial Welfare$2blcoll
=710  2\$aAcademy for Educational Development.
=710  1\$aUnited States.$bAgency for International Development.
=710  2\$aWorld Health Organization.
=852  41$aBritish Library$bHMNTS
=856  41$uhttp://whqlibdoc.who.int/publications/2010/9789241548014_eng.pdf
=CAT  \\$a5703$b40$c20101022$lBLL01$h0909
=CAT  \\$a10804$b40$c20101104$lBLL01$h1351
=CAT  \\$aW2308-1659$c20230923$lBLL01$h1101
=CAT  \\$aBATCH-SWP$c20230929$lBLL01$h2213
=FIN  \\$aY$d20101104
=FMT  \\$a  BK
=LAS  \\$aBATCH-SWP$b00$c20230929$lBLL01$h2213
=SID  \\$aZ39$bOCLC

