=LDR  01579cam a2200433 a 4500
=001  015677688
=003  Uk
=005  20101111114619.0
=008  101022s2010\\\\sz\a\\\\\b\\\\000\0\eng\\
=020  \\$a9789241564045 (pbk.)
=020  \\$a9241564040 (pbk.)
=035  \\$a(OCoLC)671487215
=040  \\$aTPH$cTPH$dUk
=042  \\$aukblsr
=050  14$aR856
=060  14$aWX 147 2010ME
=110  2\$aWorld Health Organization.
=245  10$aMedical devices : managing the mismatch :$ban outcome of the Priority Medical Devices project /$cWorld Health Organization.
=260  \\$aGeneva :$bWorld Health Organization,$c2010.
=300  \\$axiii, 129 p. :$bcol. ill. ;$c2010.
=336  \\$atext$2rdacontent
=337  \\$aunmediated$2rdamedia
=338  \\$avolume$2rdacarrier
=500  \\$aBackground papers 1 to 9 published as technical documents. Available in separate records from WHO/HSS/EHT/DIM/10.1 to WHO/HSS/EHT/DIM/10.9.
=504  \\$aIncludes bibliographical references.
=650  \0$aMedical instruments and apparatus.
=650  \0$aAppropriate technology.
=650  \0$aBiomedical engineering.
=710  2\$aWorld Health Organization.
=852  41$aBritish Library$bHMNTS
=856  41$uhttp://whqlibdoc.who.int/publications/2010/9789241564045_eng.pdf
=CAT  \\$a5703$b40$c20101026$lBLL01$h0856
=CAT  \\$a10804$b40$c20101104$lBLL01$h1712
=CAT  \\$a10804$b40$c20101111$lBLL01$h1146
=CAT  \\$aW2308-1659$c20230923$lBLL01$h1101
=FIN  \\$aY$d20101111
=FMT  \\$a  BK
=LAS  \\$aW2308-1659$b00$c20230923$lBLL01$h1101
=SID  \\$aZ39$bOCLC

