=LDR  01197cam a22003617a 4500
=001  015698186
=003  Uk
=005  20101118144631.0
=008  071004s2007\\\\xx\\\\\\\\\\\\000\0\eng\d
=015  \\$aDDB985820144
=020  \\$a3816927718 (Kt.)
=020  \\$a9783816927716
=024  8\$aCIP07N420775
=035  \\$a(OCoLC)254180811
=040  \\$aGyGoGBV$bger$cGBVCP$erakwb
=245  00$aProgress in Vehicle Aerodynamics and Thermal Management, V /$cHrsg. Jochen Wiedemann.
=250  \\$a1. Aufl.
=260  \\$aRenningen :$bexpert,$c2007.
=300  \\$a250 S. :$b234 schw.-w. Ill., 11 schw.-w. Tab.
=336  \\$atext$2rdacontent
=337  \\$aunmediated$2rdamedia
=338  \\$avolume$2rdacarrier
=700  1\$aWiedemann, Jochen.
=852  41$aBritish Library$bDSC
=856  4\$uhttp://deposit.d-nb.de/cgi-bin/dokserv?id=3007882&prov=M&dok_var=1&dok_ext=htm
=CAT  \\$a10731$b40$c20101118$lBLL01$h1445
=CAT  \\$a10731$b40$c20101118$lBLL01$h1446
=CAT  \\$aWR16.065$c20160721$lBLL01$h1334
=CAT  \\$aBATCH-UPD$b00$c20160721$lBLL01$h1336
=CAT  \\$aW2308-1659$c20230923$lBLL01$h1102
=FMT  \\$a  BK
=LAS  \\$aW2308-1659$b00$c20230923$lBLL01$h1102
=SID  \\$aZ39$bOCLC

