=LDR  01567 am a22003977a 4500
=001  015835090
=003  Uk
=005  20110624135027.0
=008  051007s2005\\\\txu\\\\\\\\\\\000\0\eng\d
=035  \\$a(OCoLC)254877739
=040  \\$aGyGoGBV$bger$cGBVCP$erakwb
=084  \\$a52.47 ; Fördertechnik ; Lagertechnik$2bcc
=084  \\$a56.30 ; Wasserbau$2bcc
=245  00$aProceedings of the Western Dredging Association twenty-fifth technical conference and Thirty-Seventh Texas A&M Dredging Seminar :$bJune 19 - 22, 2005, New Orleans, Louisiana /$ced, by Robert E. Randall.
=246  3\$aWEDA XXV & TAMU 37 proceedings
=260  \\$aCollege Station, Tex. :$bCenter for Dredging Studies,$c2005.
=300  \\$aXX, 398 S.
=336  \\$atext$2rdacontent
=337  \\$aunmediated$2rdamedia
=338  \\$avolume$2rdacarrier
=490  1\$aCDS report ;$v507
=653  \0$aAusbaggerung ; SWD-ID: 43202585
=653  \0$aKongreß
=653  \0$aNassbagger ; SWD-ID: 41383461
=700  1\$aRandall, Robert E.
=711  2\$aTexas A&M Dredging Seminar$n(37 :$d2005.06.19-22 :$cNew Orleans, La.)
=711  2\$aWestern Dredging Association technical conference$n(25 :$d2005.06.19-22 :$cNew Orleans, La.)
=830  \0$aCDS report ;$v507.
=852  41$aBritish Library$bDSC
=856  4\$uhttp://www.gbv.de/dms/tib-ub-hannover/500775265.pdf
=CAT  \\$a6162$b40$c20110624$lBLL01$h1350
=CAT  \\$aWR16.065$c20160721$lBLL01$h1334
=CAT  \\$aBATCH-UPD$b00$c20160721$lBLL01$h1336
=FMT  \\$a  BK
=LAS  \\$aBATCH-UPD$b00$c20160721$lBLL01$h1336
=SID  \\$aZ39$bOCLC

