=LDR  02189cam a22005177a 4500
=001  014751251
=003  Uk
=005  20230929221331.0
=008  080519s2008\\\\sa\ab\\\\b\\\\000\0\eng\d
=020  \\$a9780796922182
=020  \\$a0796922187
=035  \\$a(OCoLC)228281575
=040  \\$aOI@$cOI@$dUk
=042  \\$aukblderived
=043  \\$af-sa---
=082  04$a362.19697920096824$222
=245  00$aInterventions for orphans and vulnerable children at four project sites in South Africa /$cedited by Geoffrey Setswe & Donald Skinner.
=246  14$aOur children, our future :$bfrom vision to innovative impact community responses to orphans and vulnerable children
=260  \\$aCape Town :$bHSRC Press,$c2008.
=300  \\$av, 88 p. :$bill., maps ;$c29 cm.
=336  \\$atext$2rdacontent
=337  \\$aunmediated$2rdamedia
=338  \\$avolume$2rdacarrier
=500  \\$a"This report forms part of a series that examines the work undertaken as part of the Kellogg OVC Intervention Project from 2002 to 2005"--Prelim.
=504  \\$aIncludes bibliographical references (p. 87-88).
=530  \\$aAlso available on the World Wide Web.
=650  \0$aOrphans$xCare$zSouth Africa$zNorth-West$xEvaluation.
=650  \0$aOrphans$xCare$zSouth Africa$zFree State$xEvaluation.
=650  \0$aOrphans$xServices for$zSouth Africa$zNorth-West$xEvaluation.
=650  \0$aOrphans$xServices for$zSouth Africa$zFree State$xEvaluation.
=650  \0$aHome care services$zSouth Africa$zNorth-West$xEvaluation.
=650  \0$aHome care services$zSouth Africa$zFree State$xEvaluation.
=650  \0$aChildren of AIDS patients$xServices for$zSouth Africa.
=690  7\$aSocial Welfare$2blcoll
=700  1\$aSetswe, Geoffrey.
=700  1\$aSkinner, Donald.
=852  41$aBritish Library$bOC
=856  41$uhttp://www.hsrcpress.ac.za/product.php?productid=2229&cat=0&page=1&featured
=CAT  \\$a6191$b40$c20080911$lBLL01$h1308
=CAT  \\$a10904$b40$c20081121$lBLL01$h1032
=CAT  \\$aW2308-1659$c20230923$lBLL01$h1129
=CAT  \\$aBATCH-SWP$c20230929$lBLL01$h2213
=FIN  \\$aY$d20081121
=FMT  \\$a  BK
=LAS  \\$aBATCH-SWP$b00$c20230929$lBLL01$h2213
=SID  \\$aZ39$bOCLC

