=LDR  01657cam a2200457 a 4500
=001  014819833
=003  Uk
=005  20101112085308.0
=008  080417s2008\\\\nz\a\\\\\b\\\|0|0\0|eng\\
=020  \\$a9780478317039 (Internet)
=020  \\$a0478317034 (Internet)
=020  \\$a9780478317022 (Print)
=020  \\$a0478317026 (Print)
=035  \\$a(OCoLC)226966118
=040  \\$aNz$beng$cNZWTU$dUk
=042  \\$aukblsr
=043  \\$au-nz---
=100  1\$aTiatia, Jemaima.
=245  10$aPacific cultural competencies :$ba literature review /$c[Jemaima Tiatia].
=260  \\$aWellington, N.Z. :$bMinistry of Health,$c2008.
=300  \\$aviii, 38 p. :$bill. ;$c30 cm.
=336  \\$atext$2rdacontent
=337  \\$aunmediated$2rdamedia
=338  \\$avolume$2rdacarrier
=500  \\$aArchived by the National Library of New Zealand.
=504  \\$aIncludes bibliographical references (p. 34-38).
=530  \\$aAlso available in an online version.
=650  \0$aPacific Islanders$xHealth and hygiene$xSocial aspects.
=650  \0$aPacific Islanders$xMedical care$xSocial aspects.
=650  \0$aTranscultural medical care$zNew Zealand.
=710  1\$aNew Zealand.$bMinistry of Health.
=852  41$aBritish Library$bOC
=856  40$uhttp://www.moh.govt.nz/moh.nsf/pagesmh/7483/{dollar}File/pacific-cultural-competencies-literature-review-feb08.pdf
=CAT  \\$a8157$b40$c20081117$lBLL01$h1338
=CAT  \\$a9666$b40$c20101111$lBLL01$h0809
=CAT  \\$a8964$b40$c20101112$lBLL01$h0853
=CAT  \\$aW2308-1659$c20230923$lBLL01$h1132
=FIN  \\$aY$d20101111
=FMT  \\$a  BK
=LAS  \\$aW2308-1659$b00$c20230923$lBLL01$h1132
=SID  \\$aZ39$bOCLC

