=LDR  03463cam a2200685 i 4500
=001  020655504
=003  Uk
=005  20221213171719.0
=008  220525s2022\\\\ru\ac\\\\\\\\\000\0arus\d
=020  \\$a9785446920426
=020  \\$a5446920422
=040  \\$aNYP$beng$cNYP$dOCLCF$dUk$erda$epn
=042  \\$aukblsr
=100  1\$aI︠U︡dina, Marii︠a︡,$eauthor.
=245  10$6880-01$a"I︠A︡ vsegda ishchu i nakhozhu Novoe..." :$bneizvestnai︠a︡ perepiska Marii I︠U︡dinoĭ /$cSostaviteli: K.V. Zenkin, A.B. Li︠u︡bimov, M.A. Drozdova ; redaktor : L.L. Tumarinson ; rabota s arkhivami: I.D. Porshnev, R.K. Bit︠s︡oev.
=264  \1$6880-02$aSankt-Peterburg ;$aMoskva :$bNestor-Istorii︠a︡,$c2022.
=300  \\$a543 pages :$billustrations, portraits ;$c25 cm.
=336  \\$atext$2rdacontent
=337  \\$aunmediated$2rdamedia
=338  \\$avolume$2rdacarrier
=504  \\$aIncludes discography and index.
=600  10$aI︠U︡dina, Marii︠a︡$vCorrespondence.
=600  10$aI︠U︡dina, Marii︠a︡$xFriends and associates.
=600  17$aI︠U︡dina, Marii︠a︡$2fast$0(OCoLC)fst00257652
=650  \0$aPianists$zSoviet Union$vCorrespondence.
=650  \7$aFriendship.$2fast$0(OCoLC)fst00935174
=650  \7$aPianists.$2fast$0(OCoLC)fst01063351
=650  04$aCulture/Theatre/Cinema/Music
=650  04$aAutobiography/Memoirs/Letters (Culture)
=651  \7$aSoviet Union.$2fast$0(OCoLC)fst01210281
=655  \7$aPersonal correspondence.$2fast$0(OCoLC)fst01919948
=700  1\$6880-06,$aTumarinson, L. L.$eeditor.
=700  1\$6880-07,$aZenkin, K. V.$q(Konstantin Vladimirovich)$eeditor.
=700  1\$6880-08,$aLi︠u︡bimov, Alekseĭ Borisovich,$d1944-$eeditor.
=700  1\$6880-09,$aDrozdova, Marina Anatolʹevna.$eeditor.
=700  1\$6880-10$aPorshnev, I. D.
=700  1\$6880-11$aBit︠s︡oev, R. K.
=700  1\$aZenkin, K. V.
=776  08$iPrint version:$z9785446920426
=852  41$aBritish Library$bHMNTS
=856  40$uhttps://dlib.eastview.com/browse/book/320987
=880  1\$6100-01$aЮдина, Мария,$eauthor.
=880  10$6245-02$a"Я всегда ищу и нахожу Новое..." :$bнеизвестная переписка Марии Юдиной /$cСоставители: К.В. Зенкин, А.Б. Любимов, М.А. Дроздова ; редактор : Л.Л. Тумаринсон ; работа с архивами: И.Д. Поршнев, Р.К. Бицоев.
=880  \1$6264-03$aСанкт-Петербург ;$aМосква :$bНестор-История,$c2022.
=880  14$6600-04$aЮдина, Мария$vCorrespondence.
=880  14$6600-05$aЮдина, Мария$xFriends and associates.
=880  1\$6700-06$aТумаринсон, Л. Л.,$eeditor.
=880  1\$6700-07$aЗенкин, К. В.$q(Константин Владимирович),$eeditor.
=880  1\$6700-08$aЛюбимов, Алексей Борисович,$d1944-$eeditor.
=880  1\$6700-09$aДроздова, Марина Анатольевна,$eeditor.
=880  1\$6700-10$aПоршнев, И. Д.
=880  1\$6700-11$aБицоев, Р. К.
=948  \\$hNO HOLDINGS IN BLX - 4 OTHER HOLDINGS
=994  \\$aZ0$bBLX
=CAT  \\$aBATCH-KOZM$b00$c20220622$lBLL01$h0911
=CAT  \\$a11853$b40$c20221213$lBLL01$h1717
=FMT  \\$a  BK
=LAS  \\$a11853$b40$c20221213$lBLL01$h1717
=SID  \\$aZ39$bOCLC
=SRC  \\$aKozmenko Books - Supplier$binbl15696

