=LDR  01712cam a22003977i 4500
=001  020731733
=003  Uk
=005  20230424230550.0
=008  111202s2010\\\\pl\a\\\\\\\\\\000\0\pol\d
=029  0\$aNUKAT$bxx002276044
=035  \\$a(OCoLC)803917506
=040  \\$aNUKAT$bpol$cNUKAT$dOCLCQ
=245  00$aAleje Doliny Baryczy :$binwentaryzacja zadrzewień liniowych w krajobrazie otwartym Doliny Baryczy /$c[koordynacja, oprac. koncepcji, metodyki i danych oraz red. wyd. Piotr Tyszko-Chmielowiec ; zbieranie danych i opisy gmin Waldemar Blaźniak et al.].
=246  30$aInwentaryzacja zadrzewień liniowych w krajobrazie otwartym Doliny Baryczy
=260  \\$aWrocław :$bFundacja Eko-Rozwoju,$c[2010].
=300  \\$a72 s. :$bil. kolor ;$c30 cm.
=500  \\$aOpis wg okł.
=500  \\$aU góry okł.: Drogi dla Natury.
=500  \\$aData wyd. na podst. tekstu.
=500  \\$aSpis treści na 2 s. okł., tekst również na 3 i 4 s. okł.
=500  \\$aDruk dwuszpaltowy.
=650  \7$aRośliny przydroży$zPolska$zBaryczy, Dolina.$2jhpk
=650  \7$aZalesianie$zPolska$zBaryczy, Dolina.$2jhpk
=650  \7$aDrzewa$xrozmieszczenie geograficzne$zPolska$zBaryczy, Dolina.$2jhpk
=650  \7$aInwentarze roślinności$zPolska$zBaryczy, Dolina.$2jhpk
=700  1\$aTyszko-Chmielowiec, Piotr.
=700  1\$aBlaźniak, Waldemar.
=852  \\$aBritish Library$bHMNTS
=856  41$uhttp://aleje.org.pl/dopobrania/aleje_doliny_baryczy.pdf
=948  \\$hNO HOLDINGS IN BLX - 1 OTHER HOLDINGS
=994  \\$aZ0$bBLX
=CAT  \\$a16091$b40$c20220831$lBLL01$h1207
=CAT  \\$a14185$b40$c20230424$lBLL01$h2305
=FMT  \\$a  BK
=LAS  \\$a14185$b40$c20230424$lBLL01$h2305
=SID  \\$aZ39$bOCLC

