=LDR  01666cas a22004337i 4500
=001  020980940
=003  Uk
=005  20231014134524.0
=008  220331c20219999th\au\p\\\\\\\0\\\a0eng\\
=010  \\$a  2022343041
=022  \\$a2518-5195
=040  \\$aDLC$beng$cDLC$dDLC$dSTF$erda
=041  0\$aeng$abur
=245  00$aIndependent journal of Burmese scholarship =$bSi capʿ mraṅʿ nhaṃʹ.
=246  31$aSi capʿ mraṅʿ nhaṃʹ
=246  13$aIJBS
=264  \1$aChiang Mai, Thailand :$b[publisher not identified],$c2021-
=300  \\$billustrations ;$c23.5 cm
=336  \\$atext$btxt$2rdacontent
=337  \\$aunmediated$bn$2rdamedia
=338  \\$avolume$bnc$2rdacarrier
=362  1\$aBegan in 2021.
=500  \\$aEach issue also has a distinctive special issue title.
=515  \\$aIssues for December 2021 and August 2022 both designated volume 1.
=546  \\$aChiefly in English; some Burmese.
=588  0\$a2021; title from title page.
=588  1\$a2022.
=650  \0$aBurmese language$vPeriodicals.
=651  \0$aBurma$vPeriodicals.
=776  08$iOnline version:$tIndependent journal of Burmese scholarship$x2522-3798$w(OCoLC)1237193363
=780  00$aBurma Research Society.$tJournal of the Burma Research Society$x0304-2227$w(DLC)   23013972$w(OCoLC)1537852
=852  41$aBritish Library$bOC$3Vol. 2, (2023:Mar.) -***Some issuses missing
=856  41$uhttps://journalofburmesescholarship.org/issues.html
=CAT  \\$a14984$b40$c20230304$lBLL01$h1007
=CAT  \\$aW2308-1659$c20230923$lBLL01$h1141
=CAT  \\$a14984$b40$c20231014$lBLL01$h1345
=FMT  \\$a  SE
=LAS  \\$a14984$b40$c20231014$lBLL01$h1345
=SID  \\$aZ39$bOCLC

