=LDR  02991cam a2200613 i 4500
=001  021239559
=003  Uk
=005  20231016170308.0
=008  231006s2023\\\\ru\ac\\\\\\\\\000\0brus\d
=020  \\$a9785604490686$qhardback
=020  \\$a5604490687$qhardback
=040  \\$aNYP$beng$cNYP$dUk$erda
=042  \\$aukblsr
=100  1\$aKelʹmovich, Mikhail,$eauthor.
=245  10$6880-01$aLeningrad Iosifa Brodskogo :$billi︠u︡strirovannyĭ putevoditelʹ /$cMikhail Kelʹmovich, Elena Pavlikova.
=264  \1$6880-02$aSankt-Peterburg :$bLi︠u︡di i knigi,$c2023.
=300  \\$a220 pages :$billustrations (black and white, and colour), portraits (black and white, and colour) ;$c21 cm
=336  \\$atext$2rdacontent
=337  \\$aunmediated$2rdamedia
=338  \\$avolume$2rdacarrier
=505  0\$aDom Muruzi i okrestnosti -- Territorii︠a︡ semʹi -- Dorogi i︠u︡nosti -- Poėticheskie perekrestki -- Adresa druzeĭ -- Vremi︠a︡ ispytaniĭ -- Leningrad v stikhakh Iosifa Brodskogo -- Pami︠a︡tnye mesta.
=600  10$aBrodsky, Joseph,$d1940-1996$xHomes and haunts$zRussia (Federation)$zSaint Petersburg$vGuidebooks.
=600  17$aBrodsky, Joseph,$d1940-1996$2fast$0(OCoLC)fst00050709
=648  \7$a1900-1999$2fast
=650  \0$aPoets, Russian$zSoviet Union$vBiography.
=650  \0$aAuthors, Russian$y20th century$vBiography.
=650  \7$aAuthors, Russian$xHomes and haunts.$2fast$0(OCoLC)fst00822309
=650  \7$aPoets, Russian.$2fast$0(OCoLC)fst01068029
=650  \7$aAuthors, Russian.$2fast$0(OCoLC)fst00822302
=650  \7$aLiterary landmarks.$2fast$0(OCoLC)fst00999933
=651  \0$aLeningrad (R.S.F.S.R.)$vGuidebooks.
=651  \0$aSaint Petersburg (Russia)$vGuidebooks.
=651  \7$aRussia (Federation)$zSaint Petersburg.$2fast$0(OCoLC)fst01212867
=651  \7$aSoviet Union.$2fast$0(OCoLC)fst01210281
=655  \7$aGuidebooks.$2fast$0(OCoLC)fst01423871
=655  \7$aBiographies.$2fast$0(OCoLC)fst01919896
=700  1\$aPavlikova, Elena Aleksandrovna,$eauthor.
=710  2\$aMuzeĭ Anny Akhmatovoĭ v Fontannom dome,$eisuing body.
=852  \\$aBritish Library$bHMNTS
=856  40$uhttps://dlib.eastview.com/browse/book/353471
=880  0\$6245-01$aЛенинград Иосифа Бродского :$bиллюстрированный путеводитель /$cМихаил Кельмович, Елена Павликова.
=880  0\$6264-02$aСанкт-Петербург :$bЛюди и книги,$c2023.
=CAT  \\$a16091$b40$c20231006$lBLL01$h1537
=CAT  \\$a16091$b40$c20231006$lBLL01$h1537
=CAT  \\$aBATCH-UPD$b40$c20231006$lBLL01$h1537
=CAT  \\$a11853$b40$c20231013$lBLL01$h1359
=CAT  \\$aBATCH-UPD$b40$c20231013$lBLL01$h1400
=CAT  \\$a11853$b40$c20231013$lBLL01$h1455
=CAT  \\$a11853$b40$c20231016$lBLL01$h1649
=CAT  \\$a11853$b40$c20231016$lBLL01$h1703
=FIN  \\$aY$d20231016
=FMT  \\$a  BK
=LAS  \\$a11853$b40$c20231016$lBLL01$h1703
=SID  \\$aZ39$bOCLC

